3914 4822
672 249 918 400 Boaasrar
944 329 983 388 rr.
1038 330 1099 408 23.
1486 331 1559 414 348
1714 351 1718 364 '

129 493 136 502 ’
275 467 279 475 ’
340 467 630 626 numus
679 515 1258 651 Jasuorrnrsrr
1303 465 1431 668 990.

201 697 468 814 JOANNIS
497 699 597 796 XV.
611 699 790 800 PAPAE
819 707 926 802 AN.
961 721 1001 802 6.
1151 707 1443 926 OTffffllsn
1474 709 1557 812 ΙΠ.
1600 632 1605 746 [

269 906 707 1001 robustarum.
736 951 798 1020 24.
968 931 1004 1008 s.
1022 929 1311 1010 auauurnrr
1336 929 1613 1036 marauna.
1775 879 1781 892 ’

156 1078 218 1184 (a)
321 1077 426 1152 ehac
445 1069 584 1148 visione
608 1069 712 1146 blena
738 1071 949 1172 Biograpbi.
1021 1076 1207 1152 Vibonem
1225 1076 1280 1151 illi
1298 1071 1428 1154 aaran
1447 1073 1491 1150 de
1518 1095 1613 1154 mem

178 1279 187 1293 .
247 1085 428 1352 Dtclata
452 1171 756 1350 patrationum,
784 1195 889 1277 quem
910 1172 1030 1278 Judaei
1047 1177 1287 1267 exercebant,
1312 1175 1487 1274 jamauao
1507 1175 1613 1278 supe-

72 1355 79 1364 ,
157 1297 483 1356 morereurmn.
959 1293 1021 1315 .„
1095 1335 1105 1347 ,

269 1473 323 1578 (b)
350 1475 449 1555 Sedit
470 1473 543 1589 hoc
557 1491 652 1588 an'no
671 1471 962 1580 adlrchoannea
981 1475 1078 1570 XV,
1102 1475 1361 1558 &cathedram
1385 1475 1616 1584 Peniusque
1636 1411 1640 1428 Ι

155 1579 205 1656 ad
219 1601 349 1710 'annum
371 1575 445 1680 996
471 1575 641 1718 obtrnurt.

158 1864 251 1939 aen
270 1760 439 1964 bingii
459 1758 1470 1972 nttssttantbnnttttttttmnbtttniffd
1492 1765 1614 1943 ⁵32}ss

153 1989 233 2040 rum
254 1989 328 2064 quac
346 1963 528 2040 Chronica
548 1961 607 2036 illa
632 1960 919 2060 Opatovicensra
936 1965 1024 2054 fint,
1049 1967 1093 2042 ad
1112 1990 1188 2064 quae
1205 1965 1389 2068 Hageciua
1410 1983 1613 2066 provocat,

155 2065 273 2142 nullos
292 2063 378 2140 scio.
431 2065 496 2153 Ea,
515 2086 589 2159 quae
611 2062 653 2136 ab
674 2061 909 2159 Hieronymo
933 2063 1044 2142 Pczio
1061 2067 1157 2144 edita
1175 2065 1280 2159 sunt,
1306 2069 1350 2147 de
1369 2067 1425 2144 his
1447 2066 1614 2142 altumsr.

156 2167 243 2242 lent.
298 2165 377 2242 Nec
397 2187 491 2278 vero
508 2162 603 2277 ollua
620 2185 666 2278 ea
689 2183 745 2238 tot
764 2167 799 2239 S.
811 2165 1002 2242 Adalberti
1017 2162 1233 2268 biographis
1250 2170 1436 2266 bucusque
1456 2188 1612 2246 amerc-

156 2287 283 2370 pertus
300 2268 375 2358 est,
402 2267 626 2368 quinniens
645 2263 746 2340 istius
758 2264 1046 2368 reditusqoeper
1058 2271 1238 2354 Croatiam
1256 2265 1477 2346 meminiffet.
1498 2265 1612 2346 (aaa,

6 2417 15 2430 -
155 2395 226 2468 que
243 2393 285 2446 ea
307 2371 447 2444 deinum
463 2369 534 2443 -stnt
549 2365 742 2455 Chronica,
756 2365 901 2442 minime
920 2365 1126 2464 synchrooa
1146 2371 1357 2471 vetustaque
1383 2363 1467 2458 effe,
1478 2387 1533 2444 tot
1552 2391 1612 2444 era

18 2497 23 2508 ·
154 2493 259 2569 rores
278 2467 538 2567 Chronologici
559 2469 775 2554 ostendunt,
794 2489 861 2541 nec
874 2469 972 2546 enim
994 2469 1052 2547 illa
1069 2497 1138 2574 per
1158 2493 1233 2550 trea
1251 2495 1363 2558 annua
1382 2473 1417 2547 S.
1429 2467 1611 2552 adalber-

156 2572 187 2646 ti
210 2575 326 2648 Roma
356 2570 615 2660 commoratio,
644 2591 713 2644 nec
745 2567 901 2670 ,joannis
928 2569 1018 2646 XVI
1046 2591 1109 2650 aot
1137 2573 1281 2671 Bryeoi
1302 2571 1474 2672 Balgatia
1493 2569 1608 2668 Regia
1766 2575 1770 2582 ’

156 2669 341 2748 sublestum
359 2691 490 2746 nomen
507 2693 585 2746 cum
612 2669 897 2769 ssiotgraphorma
919 2669 1143 2778 aliorumque
1168 2695 1374 2760 coavoruru
1402 2669 1606 2762 Historico·

155 2795 233 2850 rum
257 2773 381 2852 relatis
400 2772 586 2850 conciliari
603 2767 756 2873 poliunt.

174 3078 183 3094 ι
262 2975 314 3076 (d)
343 2974 465 3090 Nolim
488 2973 653 3051 dubitare
670 2973 949 3054 andnam-tum
968 2990 1099 3087 prater
1118 2973 1212 3050 illam
1231 2971 1382 3073 primam
1396 2971 1443 3089 'ad
1455 2970 1606 3072 Hunga·

151 3073 1073 3289 attbabbanitffnttgtnttbbrttn
1085 3071 1605 3277 furabantur&

152 3281 229 3380 plto
247 3298 318 3354 non
341 3275 495 3352 obscure
514 3275 730 3370 commitata
756 3279 815 3356 sed
832 3279 1007 3376 ejusmodi
1025 3277 1063 3352 iu
1083 3277 1302 3378 Huogariam
1319 3275 1602 3377 profectiopro

153 3378 256 3456 sente
276 3399 371 3456 anno
397 3376 543 3451 minime
564 3378 730 3456 accidere
750 3383 888 3478 potuit.
909 3381 1010 3476 cujus
1027 3378 1134 3455 initio
1160 3380 1232 3468 iter
1260 3378 1359 3458 suurn
1379 3375 1603 3475 Hierosoly-

152 3505 242 3557 mam
261 3478 485 3580 auspicatus,
514 3477 620 3577 paulo
652 3481 731 3577 post
758 3479 894 3560 dimiffo
921 3480 1069 3560 consilio
1092 3483 1240 3558 Romam
1259 3480 1372 3566 redux
1389 3479 1601 3564 monachum

152 3581 294 3673 induit,
321 3605 363 3657 ac
399 3581 497 3657 inter
518 3580 719 3656 monasterii
742 3579 843 3682 septa
864 3583 1033 3684 perstitit.
1110 3582 1243 3666 Noster
1261 3581 1367 3662 Pater
1385 3578 1601 3660 Vibior'rnur

151 3683 234 3760 huic
255 3683 407 3783 Hagecii
425 3681 622 3758 narrationi
642 3679 826 3782 sequentia
857 3707 929 3761 non
948 3683 1167 3764 inconcione
1197 3683 1361 3779 subjicit:
1396 3680 1522 3758 “Non
1542 3681 1599 3768 le-

131 3803 181 3876 ·,‚
209 3784 326 3884 gimos
345 3785 487 3885 quidem
505 3779 742 3885 Episcopatus
761 3783 946 3885 Pragensrs
967 3788 1141 3872 terminos
1163 3782 1384 3887 Strigoniunr
1411 3781 1520 3883 usque
1542 3781 1598 3858 ul-

151 3939 179 3978 „
206 3903 260 3962 tra
284 3885 392 3985 Wag
411 3886 446 3962 br
465 3887 662 3966 Danubium
680 3886 828 3966 fluvium
838 3881 949 3966 suiffe
970 3885 1174 3988 protensos,
1250 3885 1321 3968 sea
1353 3881 1597 3972 contermini

151 4041 179 4082 ‚,
205 3985 301 4062 isti'a
319 3985 414 4086 Papa
433 3983 654 4080 Βειιειίἱὲἲο,
672 3988 819 4068 Ortona
835 3987 871 4077 1,
894 3987 928 4064 ἃ
952 3989 1115 4076 Bolealao
1143 3987 1331 4080 constituti
1360 3983 1496 4066 fuerint
1513 4003 1597 4070 anta

151 4141 179 4178 ,,
206 4091 240 4166 8.
252 4087 444 4184 Stephani,
464 4088 586 4165 imo&
607 4090 727 4168 Geize
746 4087 974 4190 baptismum,
993 4093 1115 4192 postea
1132 4115 1225 4172 vero
1241 4097 1276 4172 S·
1291 4089 1512 4170 Adalbertus
1524 4083 1597 4162 suia

131 4239 179 4302 st·
205 4189 430 4291 Apostolioia
447 4189 627 4270 laboribus
646 4193 743 4274 hunc
758 4189 875 4298 ipsum
890 4210 1067 4278 terrarum
1093 4195 1262 4278 ambitum
1287 4191 1431 4274 Christo
1447 4179 1596 4275 lucrife„

580 4309 584 4314 ’
1427 4341 1455 4385 υ
1481 4307 1545 4384 9θῖ
