3954 4802
389 327 466 400 bu
890 378 894 386 ,
941 251 1108 384 Annus
1143 307 1235 405 ont
1364 269 1367 274 Ι

474 447 537 558 (b)
564 437 734 550 Superest
756 443 868 524 hodie
884 445 988 526 locus
1009 447 1132 524 medio
1149 445 1273 548 lapide
1295 443 1496 521 Bnlesinvia
1528 439 1685 540 dissime,
1714 449 1818 550 prior

367 567 487 642 mans,
514 550 694 651 posterior
713 546 766 626 cis
785 546 932 626 fluvium
954 547 1078 624 iliram
1092 549 1245 647 positus·
1295 546 1818 627 Dubraviusiintilitudinevo-

135 655 305 762 gagm
322 699 356 758 g,
368 653 421 727 cis
439 655 617 752 deceptus
633 651 752 728 locum
775 651 939 727 Stranow
958 652 997 726 in
1011 651 1203 750 regionem
1225 644 1459 724 Zatecensens
1470 647 1624 745 rejecit,
1636 673 1741 754 quem
1745 653 1817 748 jann

129 797 162 872 Ρ,
175 796 237 868 ,30
368 775 414 830 er
435 754 472 832 in
491 750 719 830 recorrexit
741 749 921 840 Balbinus.

337 1027 342 1037 ,
386 951 392 960 ’
486 951 537 1054 (c)
565 952 730 1043 Gizera,
755 949 867 1028 hodie
896 945 1016 1051 ptssim
1041 948 1325 1039 nemetum,
1352 945 1483 1026 fluvius
1505 947 1543 1023 in
1573 945 1819 1031 Cerconoffiis

290 1077 295 1086 ¹
369 1049 551 1136 montibus
576 1051 818 1154 confiniisque
847 1051 976 1128 Silene
1006 1055 1143 1142 oritur,
1170 1053 1327 1152 pluribus
1360 1049 1445 1125 hinc
1472 1067 1580 1148 ttqne
1598 1049 1698 1126 illino
1728 1077 1821 1154 pon·

370 1154 467 1250 tibus
491 1177 559 1253 per
576 1150 770 1234 decursum
781 1151 948 1230 instratus
964 1155 1075 1255 paulo
1100 1151 1194 1232 inste
1210 1152 1440 1230 Brundusium
1466 1151 1505 1226 in
1525 1151 1657 1229 Albim
1675 1152 1713 1230 se
1731 1177 1823 1234 exoa

481 1453 550 1561 (d)
580 1453 763 1555 Georgius
791 1451 959 1534 Koresios
986 1452 1024 1529 in
1046 1451 1124 1532 MS„
1150 1447 1338 1530 Chronico
1367 1447 1729 1530 Neo-boleslaviensi
1749 1453 1821 1536 suo

372 1570 544 1654 tempore
569 1555 678 1630 etiam
698 1555 913 1653 munimenti
930 1553 1028 1632 istius
1055 1555 1091 1632 tir
1117 1575 1248 1656 pugne
1275 1545 1488 1650 supermine
1518 1551 1651 1629 indicia
1668 1550 1822 1634 scribit:

373 1652 460 1742 Non
478 1653 629 1756 procul,
657 1655 799 1754 inquit,
813 1656 994 1733 Ztmostio
1013 1651 1049 1729 dr
1071 1651 1265 1732 Stranovio
1285 1655 1327 1728 nd
1339 1674 1477 1729 amnem
1498 1653 1666 1729 Gizernm
1684 1657 1826 1734 estcol-

374 1755 428 1830 lis
443 1759 584 1856 quidam
605 1777 726 1856 prope
746 1759 843 1834 virm
860 1757 1063 1849 cumulem,
1089 1781 1160 1855 quo
1190 1753 1300 1830 Neo-
1312 1751 1511 1830 Boieslavia
1530 1753 1681 1830 Broda'rn
1699 1760 1829 1860 pergi.

249 1941 251 1946 ¹
375 1858 532 1948 ramae
554 1879 661 1958 quem
684 1857 808 1952 bodie,
829 1859 938 1935 etiarn
962 1858 1056 1938 vnn
1081 1852 1294 1958 potissumum
1317 1853 1391 1952 jem
1410 1872 1509 1932 tetro
1532 1856 1641 1934 obsite
1659 1857 1826 1960 spensa-
1965 1856 1967 1864 ’

224 2024 229 2030 .
376 1971 449 2040 tur.
786 2005 796 2019 ·

147 2184 281 2253 Danaa.
300 2183 321 2252 ι.
339 2183 369 2250 6.
488 2157 545 2334 (εἰ
570 2155 775 2272 namnum
795 2154 962 2276 Hegesia
980 2181 1124 2266 corvus
1145 2155 1368 2258 compendio
1397 2153 1528 2233 suanno
1554 2153 1691 2270 cladem
1715 2179 1829 2257 quan„

142 2291 177 2356 p.
193 2287 246 2354 39·
380 2256 456 2352 dam
478 2278 517 2335 et
544 2281 709 2334 meorum
728 2258 785 2334 ins
806 2259 1032 2374 temporrbus
1057 2281 1223 2350 enarrat,
1250 2255 1320 2350 sed
1337 2257 1380 2334 ed
1404 2258 1534 2358 Egrtrn
1559 2257 1733 2348 fluvium,
1753 2283 1828 2436 Rue

380 2379 573 2460 perperam
595 2351 825 2438 St'mnovium
849 2379 1073 2457 conjecerat.
1135 2353 1216 2438 Nec
1237 2382 1328 2436 vero
1344 2359 1375 2435 is
1393 2361 1502 2435 etiem
1521 2358 1715 2458 gentilium
1739 2358 1751 2435 i
1785 2382 1829 2435 o·
1915 2375 1920 2382 '

379 2481 458 2540 rum
482 2459 664 2536 nominum
681 2455 1156 2564 praefenorumqueminriae
1175 2459 1359 2554 meminit,
1382 2483 1459 2560 que
1483 2459 1543 2538 hie
1568 2459 1727 2560 alibique
1751 2458 1830 2559 pas-

364 2560 442 2646 ¹sim
461 2561 509 2638 ad
528 2583 570 2637 ca
593 2562 736 2639 ,tradant
752 2558 984 2652 Nobilitatis,
1008 2561 1067 2642 sua
1082 2579 1186 2640 etate
1205 2561 1397 2652 florentis,
1423 2561 1718 2640 benevolentiam
1726 2559 1829 2638 eilic-¹

382 2658 540 2754 tasum,
570 2585 605 2736 dt
628 2665 755 2764 quibus
777 2663 926 2740 incaute
943 2665 1078 2765 quique
1100 2663 1326 2763 posteriores
1345 2661 1388 2738 ad
1398 2662 1573 2740 texendas
1583 2663 1826 2762 Genealogius

187 2763 445 2874 pmrumusi.
516 2761 569 2841 Ita
587 2762 753 2861 prorsum
769 2763 968 2864 Paprocius
996 2790 1017 2842 a
1041 2779 1326 2852 commemorato
1347 2757 1550 2838 -Htulsovio
1579 2759 1826 2862 presenteque

152 2874 296 2938 Debebo
335 2873 368 2940 T.
382 2883 477 2938 enno
500 2865 695 2942 nominate·
711 2863 807 2964 apud
821 2864 988 2940 nosolim
1005 2860 1278 2942 Hrnffoviorum
1299 2857 1438 2936 semiliae
1455 2863 1639 2960 originem
1664 2863 1826 2966 repetit,
1963 2855 1970 2868 ’

152 2961 208 3022 JV.
235 2970 353 3054 arb,
383 2961 479 3062 quod
497 2963 663 3042 ambobus
682 2983 722 3040 ut
739 2963 837 3056 ajunt
853 2963 945 3040 ulnis
964 2967 1096 3042 eodem
1112 2987 1242 3042 errore
1264 2963 1484 3062 amplexatus
1502 2962 1682 3040 Balbinus.
1735 2965 1828 3043 Om·
1867 3027 1869 3032 .
1969 3013 1970 3024 r

223 3043 465 3138 ¹'¹⁸·¹'¹¹¹31³¹¹·nem
485 3061 705 3160 antiquitatis
724 3062 977 3162 cognitionem
1003 3067 1163 3170 deponet
1181 3059 1324 3142 necesse
1335 3061 1410 3154 est,
1429 3065 1487 3140 cui
1503 3061 1713 3166 persuaderi
1741 3061 1825 3168 pos

50 3163 53 3171 ‘
149 3146 184 3212 P·
202 3143 276 3205 ¹²⁹·
383 3163 427 3244 fit
450 3161 525 3242 hec
554 3163 708 3264 gentilia
720 3164 864 3245 nornine
881 3189 929 3244 ex
947 3165 1123 3270 presente
1142 3186 1202 3245 tut
1217 3163 1390 3269 sequente
1407 3161 1533 3244 seculo
1551 3161 1636 3248 else.
1854 3201 1856 3206 ’

491 3363 569 3473 (f)
595 3363 656 3442 Est
673 3363 711 3440 in
730 3367 889 3445 manibus
906 3368 997 3446 meis
1014 3370 1093 3453 MS.
1109 3366 1322 3446 chronicon
1336 3367 1571 3469 vernaculum
1601 3369 1826 3446 Neo-Bole-

381 3464 562 3544 slaviense
580 3489 628 3544 ex
647 3463 870 3546 bibliothece
889 3471 1110 3548 Duxovienfi
1129 3471 1406 3586 deprompmm,
1432 3471 1529 3570 quod
1553 3473 1731 3569 Georgius
1749 3469 1823 3545 Ke-

383 3567 495 3646 reliur
529 3567 627 3663 urbis
645 3568 952 3668 syndicus'cirea
969 3593 1097 3648 annum
1118 3573 1216 3663 1604
1232 3567 1392 3672 sempsit,
1418 3571 1459 3648 in
1474 3595 1550 3672 quo
1565 3569 1824 3647 accedentibus

384 3667 428 3744 ad
446 3666 482 3745 se
496 3665 634 3752 ‚seculis
653 3669 756 3770 plura
774 3673 923 3750 omnino
937 3671 1113 3750 hasienus
1130 3672 1312 3750 historicis
1332 3673 1521 3772 incognita
1539 3671 1704 3771 detegit,
1721 3692 1757 3749 at
1765 3693 1827 3749 ur-

383 3768 439 3843 bis
460 3769 564 3867 initia
582 3770 675 3848 baud
691 3770 761 3850 alia
776 3773 820 3848 'ob
840 3771 1008 3872 Hagecio
1023 3769 1167 3863 refert,
1183 3773 1228 3850 ad
1237 3795 1344 3875 quem
1353 3796 1427 3850 non
1442 3771 1551 3850 modo
1561 3789 1755 3872 provocat,
1767 3770 1828 3851 sed

383 3863 564 3946 sessorem
587 3870 707 3948 etiam·
723 3895 779 3948 ant
806 3872 899 3949 liora
924 3872 1186 3952 desiderantem
1211 3873 1397 3952 remittit..
1439 3873 1564 3950 Hodie
1583 3875 1683 3951 inter
1706 3877 1827 3974 regias

156 3983 372 4069 stramkynerp.
384 3970 493 4046 urbes
515 3989 747 4063 numeretur,
774 3897 820 4050 de
837 3996 907 4073 qua
925 3976 1168 4072 Stranskyus:
1186 3979 1362 4070 ,Aboram
1378 3976 1830 4078 nostrorummemort'afuir

157 4085 221 4165 Boi.
242 4099 269 4148 c.
293 4093 327 4152 2.
346 4092 376 4162 Ρ·
387 4065 472 4150 urbs
488 4065 563 4146 haec
583 4075 621 4150 in
641 4073 773 4152 ditione
783 4095 974 4178 pracerum
991 4074 1343 4170 Micbaloviciorum,
1364 4073 1677 4186 Cymburgiorurn,
1688 4079 1836 4160 tandm

159 4183 234 4246 105·
391 4167 661 4284 &agidoram
674 4177 923 4284 posteastt‘rpt'r
940 4177 1169 4278 Hrffisteineae
1184 4175 1505 4284 Lobkaviciorum,
1540 4206 1563 4255 a
1591 4203 1748 4377 quorulrinr
1764 4200 1836 4285 ptr-⁴

1747 4307 1783 4358 e·
