3832 4808
252 323 256 332 ’
399 350 473 438 474
875 338 1247 420 unnensrooa

374 479 462 567 bus,
489 495 531 556 ut
552 477 672 558 locum
690 479 800 557 muris
823 479 1001 582 vallisque
1016 482 1232 581 cingerent,
1259 479 1304 555 ab
1323 477 1526 576 eodemque
1552 475 1652 554 urbis
1670 481 1841 560 nornine

373 579 864 682 immunitatibusqnecivicis
877 582 1056 658 donatum.
1106 581 1253 680 Reliqua
1277 605 1356 680 quae
1379 577 1577 678 Paprocius
1601 603 1648 655 ex
1668 579 1838 684 Joanne

374 678 588 755 Kintovsk'io
608 681 653 756 de
670 682 798 758 eodem
815 681 990 782 ¹Udalrico
1012 677 1149 769 refert,
1170 680 1301 756 merito
1329 681 1426 756 inter
1456 673 1590 778 fabulas
1620 679 1840 778 rejicienda

373 773 446 854 else
463 796 628 869 autumo,
655 781 761 880 quale
777 781 865 858 iliud
883 783 959 866 est3
986 781 1195 858 Udalrieum
1210 778 1286 856 uisu
1303 781 1400 855 inter
1422 779 1525 854 cives
1544 783 1760 858 Schechidis
1773 803 1837 861 te-

265 959 268 966 *
373 877 456 954 bula
475 881 611 956 civium
639 883 890 976 nonneminem
921 881 965 956 ad
983 878 1097 958 insutu
1122 877 1353 978 provocasse,
1382 881 1509 979 bisque
1539 879 1684 959 vidium
1701 883 1744 958 in
1766 887 1836 962 rei

371 980 578 1056 memoriam
597 981 677 1057 urbi
687 981 890 1065 Scitachidis
907 981 1059 1058 tabulam
1077 976 1596 1080 praernisuinfigniueditie.
1647 988 1830 1062 Cumne-

376 1078 465 1155 mini
481 1082 535 1155 rei
544 1081 677 1158 critice
687 1082 808 1180 perito
827 1080 1051 1180 incognitum
1072 1083 1135 1168 fit,
1157 1081 1296 1155 urbium
1315 1079 1367 1154 uri
1387 1079 1499 1176 tigilla
1525 1079 1576 1157 ita
1593 1083 1703 1159 etiam
1718 1109 1830 1163 arma

330 1197 332 1200 ·
429 1181 557 1256 sterius
575 1200 677 1258 encta
694 1176 788 1270 else,
818 1203 973 1279 quorum
992 1179 1149 1256 omnium
1168 1183 1305 1277 prima,
1337 1199 1519 1278 quotquot
1547 1182 1657 1258 hodie
1685 1181 1824 1284 super-

393 1297 477 1369 unt,
495 1280 560 1356 vix
579 1283 664 1358 elias
683 1282 857 1380 imagines
874 1277 1066 1370 referunt,
1094 1301 1196 1378 quam
1225 1280 1399 1378 quoddam
1427 1301 1612 1356 murorum
1642 1287 1826 1360 turrium-

375 1403 448 1479 que
468 1378 640 1457 indicium
660 1404 738 1457 curu
760 1383 827 1458 Dei
843 1378 1032 1472 Sanciive,
1052 1377 1337 1481 cui'primatium
1357 1378 1455 1456 urbis
1472 1383 1644 1483 templum
1659 1403 1721 1462 tut
1734 1383 1822 1487 ‘ipst

374 1483 461 1556 urbs
479 1481 641 1585 dedicata
659 1483 972 1573 erat,iimulacro.
1052 1505 1057 1512 ·
1609 1521 1613 1530 ’

667 1953 703 2030 f
863 1944 1137 2082 numus
1186 1915 1366 2135 1602,

528 2229 585 2292 on
607 2198 725 2293 secus
747 2223 872 2322 atque
895 2203 1261 2320 ruptis'catarastin
1280 2197 1615 2316 cteliannushic,
1632 2223 1808 2306 accum-

169 2197 517 2560 ImbrestmrlN

562 2343 706 2459 primis
729 2347 839 2434 estas
862 2345 1063 2436 imbribus
1084 2345 1295 2437 continuis
1315 2341 1554 2438 terriculosa
1576 2339 1671 2433 suit.
1694 2339 1805 2431 Nam

565 2483 917 2594 &inundationes
939 2477 1071 2574 Albis
1095 2481 1393 2602 Moldav‘aeque
1417 2485 1607 2597 crebrae,
1631 2483 1675 2572 bt
1696 2480 1809 2594 sege-

376 2641 444 2714 tes
467 2629 644 2720 hunrore
667 2624 799 2714 nimio
822 2647 919 2715 ante
942 2626 1221 2732 maturitatem
1245 2626 1288 2712 in
1308 2625 1414 2738 agiis
1436 2641 1649 2738 putmere.
1739 2618 1805 2708 In·

332 2835 337 2843 .
375 2763 431 2857 de
450 2763 620 2874 evenit,
646 2781 695 2852 ut
720 2753 887 2874 frugum
915 2762 1078 2877 inopia,
1108 2745 1346 2856 mortalium
1366 2763 1644 2888 complurium
1672 2757 1805 2852 fames

374 2891 542 3017 ipsique
564 2925 677 2986 mors
698 2899 920 2988 consecuta
941 2899 1003 2988 fit.
1263 2897 1269 2924 ²
1506 2889 1509 2896 ’

73 3113 138 3144 ,,
308 3063 312 3070 ·
441 3033 700 3124 ‘Hactenus
733 3060 827 3124 mos
847 3037 1065 3152 obtinuit,
1094 3057 1143 3129 ut
1164 3041 1341 3157 quodam
1364 3039 1471 3157 quast
1494 3035 1738 3131 hereditatis
1744 3035 1821 3148 ju.

190 3157 197 3171 ’
233 3249 247 3286 ,
370 3173 489 3270 read
511 3165 732 3288 Imperiale
750 3171 1039 3270 ascenderetur
1057 3175 1230 3296 sulum,
1254 3181 1411 3298 filiique
1451 3181 1643 3296 patribus,
1665 3173 1800 3291 liupe-

371 3310 582 3444 tatoribus
604 3311 837 3443 demortuis
859 3313 1146 3415 succederent.
1228 3315 1288 3411 Et
1313 3345 1417 3416 vero
1448 3319 1617 3409 habena
1632 3305 1797 3430 Imperii

372 3451 634 3578 intemperie
656 3481 787 3580 penes
803 3452 1013 3548 Ottonem
1035 3455 1115 3548 HI.
1148 3477 1294 3574 erant,
1321 3459 1392 3576 qui
1403 3455 1580 3571 veritus,
1599 3457 1794 3570 fi'impro·

268 3699 278 3710 q
369 3591 423 3683 iis
446 3591 700 3708 discederet,
722 3622 778 3720 ne
803 3599 1128 3710 competitorum
1142 3581 1362 3715 falliones,
1384 3616 1559 3716 ortaque
1573 3595 1798 3684 ambitione

236 3811 239 3820 ,
365 3731 477 3836 bella
500 3733 639 3823 civilia
659 3733 925 3844 Germaniam
947 3733 1117 3826 funestis
1141 3735 1326 3826 cladibus
1353 3733 1681 3852 pessumdarent,
1704 3761 1798 3822 con·

222 3993 227 3997 Π
367 3868 502 3964 filium
519 3873 614 3962 iniit
642 3873 893 3986 designandi·
930 3900 987 3966 ex
1022 3901 1198 3966 numero
1219 3871 1459 3994 Principum
1488 3877 1698 3967 elediores
1734 3873 1800 3962 ali·

369 4035 512 4128 quos,
534 4037 664 4124 penes
686 4038 792 4128 qnos
818 4016 982 4131 posthac
999 4011 1155 4104 summa
1188 4017 1367 4132 potestas
1401 4013 1505 4136 esset
1527 4013 1695 4105 creandi
1719 4009 1796 4102 Ru·

248 4185 250 4188 ·
315 4243 319 4248 .
367 4149 481 4248 mani
500 4145 784 4267 Imperatoris.
847 4148 1009 4247 Placuit
1029 4134 1225 4260 omnibus
1257 4153 1590 4278 sapientissimum
1611 4151 1800 4269 atquein

1501 4333 1523 4376 -,
1645 4293 1739 4386 ion·

37 2529 38 2532 Ὺ
142 2553 206 2622 mi.
