3900 4814
400 328 476 428 44⁶
951 323 1130 409 Aruns
1160 347 1248 427 999.
1394 391 1399 407 ,
1454 385 1459 397 ,

375 469 548 572 sequente
564 473 632 571 jnrn
651 461 925 559 Guesnaefuiffe,
945 467 1098 546 certiori
1112 467 1322 550 testimonio
1344 468 1476 550 ibidem
1492 469 1829 562 onenaenunse·

374 574 560 654 nedisium
595 595 670 650 non
704 569 802 650 illico
837 565 872 643 se
901 567 944 645 ad
963 591 1125 646 eremum
1155 594 1272 671 prope
1292 571 1507 650 Casrnririnm
1524 573 1734 667 contulisse,
1764 576 1827 658 sed

375 695 469 755 anuo
493 699 592 754 1000
619 673 755 750 Ottoui
773 669 825 750 lll
840 665 1054 758 innotuisse,
1079 670 1122 744 rb
1140 692 1258 769 eoque
1276 675 1311 748 S.
1329 673 1525 752 Romualdo
1537 677 1828 756 commendatum

375 769 494 870 stille,
514 799 563 856 ex
583 781 617 860 s.
628 772 739 850 Petro
767 769 1034 850 Damiunibuud
1058 765 1213 848 obscure
1237 771 1450 867 conjicitur.
1478 791 1520 854 ut
1542 773 1829 858 [dolocomae

376 895 469 954 muso
924 913 928 922 '
1759 904 1764 916 ¹

642 1429 644 1435 .
872 1309 1162 1424 ANNUS
1198 1341 1328 1450 999.
1498 1285 1499 1290 Ν

376 1530 700 1909 Dejeslus
720 1551 873 1642 morbo
896 1545 1113 1642 Boleslaus
1145 1575 1242 1654 cunr
1275 1547 1329 1660 in·
1347 1553 1470 1659 boras
1493 1545 1643 1638 arslius
1676 1575 1823 1644 meare

561 1693 755 1782 animam
779 1689 1221 1804 adverteretpscilicet
1246 1689 1510 1777 moriendum
1529 1687 1603 1777 srbi
1626 1685 1825 1806 elseprae·

369 1923 382 1934 ,,
575 1831 789 1952 sentiens,
829 1832 891 1918 his
916 1827 1154 1921 Boleslaunr
1175 1829 1306 1918 filiunt
1328 1829 1509 1917 adstante
1537 1829 1744 1945 conjuge,
1768 1827 1826 1920 E·

375 1968 550 2085 pil'copo
566 1995 584 2086 ·‚
606 1972 844 2088 nepotibus
871 1971 1035 2060 duobus
1053 1967 1262 2082 Jaromiro
1288 1972 1330 2086 bc
1355 1965 1579 2080 Udalric0,
1620 1963 1668 2052 (α)
1703 1969 1818 2056 deni·

378 2121 462 2226 que
483 2105 715 2200 Procerum
735 2107 902 2199 suorum
924 2106 1068 2197 senatu
1094 2109 1328 2224 suprenium
1352 2108 1551 2196 allocutus
1586 2103 1739 2194 sertur:
1760 2089 1817 2190 (b)

144 2223 551 2391 ffi'sffl‘jjfluanto
566 2251 703 2340 minus
722 2275 901 2364 equum,
923 2267 971 2338 ut
1000 2269 1134 2340 mater
1152 2249 1216 2337 lac
1233 2251 1441 2364 uberaque
1454 2245 1709 2334 anhelantem
1725 2255 1824 2360 pro·

123 2395 287 2498 ,barritu
316 2389 466 2496 melem
499 2389 705 2507 depellat,
727 2405 847 2478 tanto
875 2387 1086 2500 indignius
1116 2392 1175 2478 est
1212 2389 1418 2477 morituro
1452 2405 1596 2502 patre,
1625 2403 1675 2476 ut
1699 2411 1755 2474 ne
1778 2383 1824 2474 fi·

144 2485 480 2620 ”¹⁸⁹⁷m'lium
502 2533 753 2656 postremum
780 2525 1020 2618 salutaribus
1047 2529 1220 2618 monitis
1241 2528 1497 2643 praemuniat.
1581 2519 1668 2615 Dei
1689 2523 1823 2613 muni-

376 2669 588 2763 ficentiam
599 2669 977 2784 liberalitatemque
990 2671 1160 2782 imitari,
1170 2665 1374 2784 fastisque
1397 2665 1652 2784 exprimere,
1685 2665 1728 2754 &
1749 2665 1819 2757 de·

379 2835 479 2900 cens
503 2811 546 2900 bc
568 2810 782 2924 pulchrum
803 2812 876 2908 est.
948 2807 1173 2924 Nunquam
1196 2835 1281 2895 non
1304 2807 1372 2927 illa
1396 2803 1610 2920 largisllnra
1635 2800 1722 2892 Dei
1744 2805 1818 2893 be·

377 2947 622 3040 nevolentia
645 2946 882 3064 mortalium
904 2952 1052 3060 generi
1074 2949 1184 3036 bene
1210 2945 1398 3062 cupivit,
1419 2943 1463 3036 &
1492 2945 1646 3062 quibus
1670 2925 1818 3058 gratia·

377 3111 470 3178 rum
493 3082 652 3174 suarum
675 3083 869 3175 ubertate
893 3086 946 3174 in.
960 3084 1048 3176 vita
1068 3087 1321 3200 benedicere
1347 3087 1510 3199 dignata
1524 3063 1696 3200 {iisdem
1710 3083 1817 3175 baud

259 3305 263 3314 .
378 3221 610 3314 dissimilem
636 3243 825 3313 mentem
848 3223 1042 3344 inspirare
1062 3225 1175 3341 visa,
1199 3247 1247 3316 ut
1269 3223 1311 3315 se
1334 3255 1418 3315 non
1447 3223 1558 3316 solos
1579 3229 1729 3316 beatos
1752 3222 1813 3314 se-

375 3347 566 3483 litesque
590 3383 808 3483 putarent,
837 3367 910 3458 nisr
932 3369 1108 3458 eandem
1132 3365 1382 3457 felicitatem
1403 3392 1672 3480 eonrmuncm
1697 3381 1812 3482 opta·

258 3538 262 3544 ·
374 3524 495 3624 rent,
526 3526 652 3625 atque
675 3507 719 3596 in
742 3527 909 3598 ceteros
942 3510 1121 3597 derivari
1153 3509 1404 3622 gauderent3
1445 3506 1679 3621 cujusmodi
1712 3523 1818 3597 vota

255 3646 257 3654 ’
373 3645 568 3762 placuisse
591 3643 795 3761 Numini,
821 3627 1046 3764 paslirnque
1068 3647 1238 3764 impleta
1266 3643 1385 3738 fuisse
1408 3647 1451 3735 in
1476 3648 1629 3736 divinis
1650 3645 1819 3763 paginis

375 3778 570 3899 legimus
664 3785 780 3890 Quid
815 3771 1178 3882 benedictionibus
1198 3785 1384 3905 Noemi‚
1417 3777 1822 3906 Abranae‚1saact‚

374 3919 548 4040 Jacobs,
579 3925 880 4044 Mathatiaeqne
899 3927 1141 4019 efficacius?
1173 3929 1322 4048 quibus
1346 3949 1431 4016 tarn
1453 3950 1644 4045 prompta
1667 3930 1824 4020 volun·

370 4061 466 4166 ‘tate
490 4065 719 4189 subscripsit
751 4071 890 4162 divina
903 4053 1166 4196 benignitas,
1205 4087 1252 4163 ut
1264 4076 1405 4160 harum
1416 4065 1827 4164 seliciffirnoseven·

1674 4227 1746 4302 tus
