3914 4822
430 320 501 411 358
958 311 1138 392 Annus
1160 334 1253 413 991.

376 509 404 549 „
431 455 546 554 quina
562 446 714 532 fratrum
733 478 830 557 aqua
849 454 1167 534 administratorios
1188 452 1271 534 usus
1286 454 1441 534 humero
1461 470 1694 560 apportaret,
1719 457 1835 540 nrani-

376 610 405 649 „
431 555 497 632 bus
513 577 661 658 quoque
683 579 811 634 eorum
828 557 991 635 lavandis
1011 558 1123 633 simile
1139 555 1345 658 obsequium
1368 577 1509 660 ageret.
1560 558 1618 635 Sic
1633 553 1832 640 secunelis
1941 591 1942 610 2

375 712 403 750 „
429 652 600 734 fratribus
621 655 761 737 servire
780 659 931 738 laetatur.
949 713 977 750 „
1003 657 1072 736 His
1095 657 1323 758 Biograplnus
1345 655 1524 760 subjungit
1551 655 1686 758 lapsum
1710 658 1828 750 illurn,

252 830 258 843 ,
357 779 450 935 ,fluo
475 781 540 834 vas
562 757 747 859 integrum
763 759 963 868 vinumque
983 755 1259 849 conservatum,
1284 759 1382 858 quod
1394 759 1468 854 jaln
1488 761 1829 864 adannun1977in

268 899 274 915 ·
412 857 580 958 agecium
615 861 1122 958 commentantesretulimus.
1181 855 1442 938 Profellronem
1472 858 1661 940 solemnem
1690 865 1826 944 deinS.

160 966 163 976 ’
255 977 259 986 ·
374 959 598 1038 Adalbertus
616 961 688 1038 ada
703 963 845 1061 Aprilis
867 961 927 1039 die
954 961 1062 1039 Cana
1073 962 1222 1038 Domini
1238 961 1251 1061 (
1270 955 1345 1036 scil.
1364 957 1611 1038 anniversario
1635 961 1716 1054 die,
1749 985 1825 1062 quo

375 1061 567 1162 superiore
592 1085 685 1140 anno
715 1062 947 1140 monasticum
982 1060 1143 1140 habitum
1169 1056 1401 1164 susceperat)
1432 1061 1567 1154 emisit,
1592 1061 1686 1140 adeo
1714 1083 1757 1140 ut
1774 1087 1822 1142 ex

371 1161 429 1241 his
450 1155 672 1242 ntainisestum
691 1160 753 1240 fiat
769 1169 802 1243 S.
815 1164 1054 1241 Adalbertum
1075 1185 1148 1240 non
1172 1161 1321 1261 integro
1337 1183 1431 1239 anno
1450 1160 1578 1254 solari,
1596 1163 1751 1241 naturali
1762 1162 1823 1240 seu

312 1321 318 1329 .
374 1262 514 1356 usuali,
542 1261 602 1341 sed
623 1282 759 1343 tanturn
780 1264 1047 1355 ecclesiastico,
1071 1285 1203 1364 nempe
1223 1287 1244 1340 a
1265 1267 1381 1340 Coena
1403 1265 1544 1340 Domini
1579 1263 1713 1362 prioris
1737 1265 1821 1342 antri
1940 1341 1942 1368 ‚

146 1361 258 1432 Mil·
284 1363 334 1434 θ’·
349 1361 490 1468 lusque
507 1365 551 1441 ad
569 1369 721 1442 Coenanr
738 1367 882 1443 Domini
904 1366 987 1443 auru
1006 1363 1189 1466 praesentis
1216 1363 1256 1440 in
1283 1363 1474 1462 tyrocinio
1493 1363 1641 1444 stetisse.
1713 1366 1822 1450 Noti
1940 1379 1942 1434 ἐ

373 1467 458 1545 tiam
478 1464 576 1542 illam
595 1465 743 1544 indubie
761 1467 943 1546 haurimus
961 1489 1009 1542 ex
1029 1466 1140 1542 toties
1158 1484 1360 1543 memorato
1377 1465 1442 1543 Bio
1469 1471 1607 1568 rapho,
1636 1467 1699 1567 qui
1721 1489 1822 1546 com-

136 1567 148 1594 ’“
371 1586 572 1668 memorata,
587 1565 815 1667 susceptione
834 1567 993 1674 religiosi
1014 1568 1180 1656 habitus,
1201 1562 1341 1643 subdit:
1368 1490 1523 1646 Sublata
1544 1571 1668 1648 Sancto
1685 1576 1819 1674 (qaan-
1941 1577 1942 1586 '

369 1671 412 1746 do
431 1665 611 1770 baptizati
629 1669 867 1749 catechumeni
886 1664 1126 1746 criminalibus
1149 1666 1501 1769 vinealisstilvantar
1517 1667 1543 1848 ἰ
1555 1672 1676 1772 solata
1696 1673 1745 1772 est
1759 1671 1827 1771 ipfi

369 1765 626 1876 (Adalberto)
645 1775 760 1873 capite
773 1770 927 1875 pendeas
943 1775 1099 1854 cucula3
1116 1764 1406 1868 'hincsecandam
1429 1771 1559 1878 regua
1589 1799 1719 1849 acorem
1726 1774 1830 1870 fra-⁰
1918 1779 1926 1790 ‘

371 1889 471 1946 trum
490 1897 632 1950 mansero
654 1870 830 1963 addictus,
843 1870 1066 1980 quarendum
1088 1872 1229 1976 angusto
1249 1875 1334 1946 cade
1354 1874 1456 1972 capit
1481 1873 1668 1951 ardentius
1689 1891 1816 1972 cupere
1940 1883 1942 1958 l

377 1968 559 2068 Christum.
619 1973 717 2050 Gara
737 1975 851 2051 verba
872 1970 1039 2050 nonnulli
1056 1969 1207 2047 'Rituurn
1226 1971 1365 2048 ordinis
1398 1970 1518 2050 sapen
1535 1969 1716 2050 Benedidli
1743 1971 1809 2051 mi-
1940 1969 1942 2066 ζ

371 2093 437 2146 nus
458 2071 562 2170 gnari
584 2096 776 2174 perperam
795 2075 838 2148 ad
853 2071 963 2173 ipl'am
984 2071 1245 2161 induitionem,
1277 2097 1319 2149 ac
1341 2073 1496 2172 proinde
1515 2077 1598 2152 anui
1619 2071 1812 2172 superioris

364 2170 609 2250 narrationem
627 2190 830 2253 traxerunt.
880 2175 949 2250 Sed
968 2169 1815 2277 sciendumconsuetudinemantiquillnunrnlr'o-

370 2269 514 2348 diednr'n
529 2278 641 2352 etiarn
662 2274 699 2350 in
719 2273 900 2354 coenobiis
918 2272 1057 2352 ordinis
1076 2276 1111 2351 S.
1134 2270 1322 2350 Beneditlt
1352 2275 1509 2374 vigere,
1528 2280 1627 2376 quod
1644 2273 1813 2374 Tyroni-

366 2373 434 2449 lurs
454 2369 517 2451 seu
535 2375 700 2454 Novitiis
718 2399 898 2477 nunquam
916 2378 1155 2470 cacalae,nec
1170 2377 1276 2490 ‚prius
1287 2399 1392 2482 quam
1410 2375 1470 2454 sub
1493 2371 1813 2478 prosellronemso·

366 2471 520 2552 leronem
541 2478 796 2557 concedaunrr.
850 2478 909 2554 Est
928 2497 1045 2554 autern
1092 2499 1216 2576 roprre
1235 2481 1370 2554 caecilia
1388 2479 1497 2554 v'eslis
1513 2479 1576 2554 illa·
1592 2480 1721 2578 nigra,
1743 2477 1812 2576 pli-

348 2671 350 2674 Ι
371 2597 474 2665 cata,
497 2579 657 2680 undique
677 2577 793 2656 clausa
814 2581 856 2657 ad
876 2580 1010 2655 calcem
1029 2501 1140 2677 aliiue
1161 2575 1351 2677 protensa,
1372 2578 1515 2658 demum
1541 2583 1688 2682 caputio
1709 2578 1811 2656 latis-

163 2664 323 2772 ΜΨ
334 2675 377 2749 ia(
392 2699 438 2753 ue
456 2681 603 2756 manicis
619 2679 804 2760 instruile.
856 2681 987 2756 Earum
1004 2679 1129 2780 plures
1149 2677 1279 2754 formas
1300 2678 1480 2758 evetullis
1497 2683 1734 2759 monumentis
1746 2681 1806 2755 de‹

142 2755 275 2902 Glopoa
299 2701 487 2856 ”mlcribit
506 2784 563 2857 Du
574 2781 763 2871 Frelirius,
798 2805 867 2880 qua
893 2783 927 2855 δι
954 2783 1063 2858 hodie
1085 2781 1122 2854 in
1142 2780 1312 2857 Bohemia
1323 2780 1521 2881 Religiol'os
1532 2782 1687 2862 Ordinis
1703 2781 1807 2874 hujus

137 2845 253 2908 cacata.
313 2961 319 2971 ,
365 2881 404 2956 iu
426 2887 551 2992 Chora
568 2883 624 2962 uti
641 2884 834 2973 videmus,
862 2880 960 2958 &de
986 2905 1057 2983 qun
1084 2879 1197 2957 Poeta
1224 2883 1305 2983 post
1331 2883 1619 2995 Vocabularium'
1638 2885 1708 2968 W.
1728 2883 1831 2960 Bri--

363 2997 485 3056 tonis:

583 3121 660 3206 Dic
680 3121 852 3205 Monaesi
867 3129 993 3204 culam
1011 3131 1135 3226 vestm
1142 3127 1317 3225 forestae
1338 3133 1531 3227 cacatum,

587 3229 700 3328 Vestis
716 3231 796 3307 lata
816 3247 939 3338 tegens
960 3249 1089 3338 caput,
1106 3255 1248 3321 armar,
1270 3233 1332 3326 esta
1353 3237 1524 3332 caculas.

360 3365 432 3452 Per
447 3369 540 3454 hanc
558 3375 681 3478 itaque
688 3377 844 3480 solutam
863 3375 1189 3479 capitepcndentcm
1199 3379 1368 3456 cucullam
1384 3377 1568 3458 intellexit
1578 3381 1804 3480 Biographus

237 3527 241 3530 -
327 3537 329 3540 .
361 3464 510 3554 solemni
527 3477 700 3579 pramillae
718 3475 926 3581 professioni
943 3476 1055 3554 tertio
1075 3481 1134 3554 die
1154 3505 1200 3558 eu
1220 3478 1294 3558 ritu
1322 3480 1477 3558 Ordinis
1503 3479 1586 3558 Divi
1611 3481 1799 3562 Benedidli

361 3581 494 3679 caputii
508 3579 655 3658 cucula
673 3580 802 3660 adnexi
822 3577 952 3656 fallam
971 3581 1256 3679 depositionem,
1276 3601 1336 3656 ant
1354 3600 1397 3662 ut
1416 3582 1478 3661 ille
1501 3597 1624 3669 vocat,
1642 3578 1796 3658 solutio-

249 3715 253 3724 ·
358 3699 459 3759 seru.
473 3703 550 3781 qus
569 3683 744 3782 praesente
761 3703 854 3767 anno
867 3679 1020 3760 Sabbata
1037 3682 1160 3762 Samio
1172 3680 1265 3761 fallo
1280 3685 1343 3764 est.
1394 3682 1546 3762 Numito
1564 3679 1704 3758 Rituale
1726 3703 1796 3757 ve.

358 3781 489 3860 tustum
509 3783 968 3885 hodiernunrquepracipit
984 3784 1088 3879 hujus
1112 3783 1272 3888 ordinis,
1291 3804 1334 3882 ut
1350 3783 1388 3861 in
1406 3779 1624 3888 profellrone
1645 3783 1799 3886 religio.

361 3883 398 3960 sa
413 3881 518 3958 detur
536 3885 681 3984 quidem
701 3885 860 3981 cuculla,
885 3883 946 3961 sed
966 3887 1150 3986 caputium
1177 3885 1287 3986 capiti
1306 3888 1509 3988 impositum
1536 3884 1616 3964 dies
1646 3883 1799 3966 nosses-

294 4079 298 4086 *
358 4007 431 4088 que
448 3984 707 4076 conservetur,
731 3987 830 4086 quod
849 3990 886 4065 iu
903 3990 1113 4086 quibusdam
1131 3987 1311 4069 coenobiis
1331 3990 1438 4066 etiarn
1454 3991 1498 4068 ad
1513 4008 1672 4069 mentum
1683 3990 1798 4097 usque

356 4085 461 4164 tenui
479 4084 543 4163 lilo
569 4086 762 4164 consuitur.
835 4091 969 4166 'sertio
998 4091 1139 4168 demum
1165 4093 1247 4193 post
1272 4087 1527 4191 profeffionem
1557 4095 1616 4173 die
1649 4095 1795 4193 Abbas,

354 4185 483 4280 Prior,
504 4205 566 4267 aut
585 4189 677 4268 alitis
697 4186 905 4272 substitutus
922 4187 984 4270 sub
1002 4189 1104 4271 Missa
1137 4191 1173 4272 dc
1199 4196 1452 4276 communione
1479 4197 1579 4282 saara
1607 4195 1721 4290 solvit
1736 4227 1795 4280 ca.

1676 4327 1742 4406 pu-
