3900 4814
668 285 983 376 Barisanta.
1037 309 1103 384 30.¹
1177 304 1222 381 ’,
1519 245 1625 388 427¹
1695 269 1698 276 ⁴

63 519 70 528 .
163 451 273 514 nutus
290 430 342 508 est
361 424 617 521 chartuitius,
644 451 726 508 curn
747 433 966 512 Anastalibnt
984 450 1132 508 mortuo
1146 429 1217 528 jain
1237 431 1348 508 Geiza
1368 449 1474 532 patre
1489 433 1615 510 S.Ste-
1674 413 1683 432 ’

146 535 272 651 phani
289 533 328 611 in
344 531 566 633 Huugariatn
586 527 768 610 adveuille
794 534 964 610 credidit.
1028 533 1136 610 Vixit
1167 529 1344 632 pralente
1371 535 1484 612 adhuc
1515 557 1610 610 anno

141 659 235 722 ,uno
255 633 434 733 sequentis
455 632 563 709 initio
586 633 721 723 Geiza,
742 651 783 709 ut
805 633 870 712 liro
881 636 963 710 loco
973 635 1213 712 ostendemus.
1267 632 1398 710 (datare
1416 635 1611 712 etiamrec-

150 754 195 816 te
215 739 416 836 Stephanus
437 734 519 812 Rex
531 733 655 834 Hung.
673 733 713 808 in
724 733 919 833 diplomate
937 733 1004 812 luo
1024 737 1132 812 Anuo
1158 757 1250 814 1001
1272 733 1354 810 dato
1366 734 1467 826 dicit,
1487 758 1610 813 mona·

140 837 302 916 vltetiutn
322 835 518 919 §.Martini
541 836 578 913 itt
597 854 721 910 rnonte
750 836 939 913 Pannonia:
966 836 1102 938 (quod
1132 835 1226 912 idern
1254 836 1460 916 Anastasius
1488 861 1549 913 ooe
1575 837 1605 915 it

156 939 337 1029 tondere,
363 937 398 1014 dr
419 937 522 1034 cujus
541 937 677 1034 prirnus
706 935 819 1014 dbbas
840 937 934 1040 fuit)
954 967 977 1013 a
990 943 1159 1044 genitore
1179 940 1474 1038 nostroinceptum
1488 861 1605 1036 hiller

155 1037 296 1118 seilicet
314 1039 522 1116 venientern
548 1037 655 1134 hujus
674 1036 757 1113 anui
777 1037 881 1115 exitu
910 1059 971 1116 aut
1006 1037 1186 1137 sequentis
1216 1037 1399 1138 principio
1424 1061 1505 1115 turn
1525 1061 1602 1126 nro,-

154 1139 281 1220 nachis
300 1137 369 1214 lois
389 1138 592 1238 quibusque
620 1140 950 1217 lirevnouienlibus
975 1139 1202 1216 Anastalium
1233 1137 1431 1216 liberaliter
1454 1139 1601 1238 excepit
1614 1131 1646 1194 V
1641 1130 1684 1194 aa
1694 1150 1773 1202 raro
1788 1153 1840 1216 ms
1921 1195 1926 1208 .

157 1241 296 1328 Geiza,
324 1257 435 1338 atque
458 1263 539 1316 curu
560 1236 722 1328 'lutense
753 1239 1028 1331 monasterium,
1047 1239 1162 1316 multo
1193 1259 1277 1318 aute
1306 1238 1411 1317 isthic
1436 1243 1478 1318 ab
1499 1234 1791 1318 Aua-aemio
1802 1225 1842 1290 Ψ·
1946 1305 1947 1310 a

157 1342 259 1418 litlio
277 1339 355 1440 ipl'o
375 1337 558 1418 fundatum
578 1357 715 1418 tanturn
735 1337 956 1418 advenarum
976 1342 1234 1418 monachorum
1257 1355 1445 1418 rturuerurn
1470 1305 1665 1442 cuperes‘l·

158 1441 417 1546 proculdubio
440 1443 532 1520 haud
550 1439 688 1543 pollet,
707 1463 774 1516 nec
794 1441 926 1518 decens
947 1443 1159 1533 videretur,
1183 1461 1225 1520 ut
1245 1441 1446 1518 hitalialius
1477 1443 1602 1522 Abbas

157 1567 243 1623 tnox
261 1559 344 1621 ante
360 1543 572 1634 brevnovii,
598 1537 842 1642 fundatorque
859 1543 1007 1622 Tatenli
1034 1543 1170 1622 Abbati
1198 1540 1457 1638 subjiceretur,
1493 1544 1606 1624 Geiza

157 1646 277 1724 eidem
297 1645 448 1744 ejusque
467 1641 647 1744 discipulis
666 1641 787 1740 (quod
805 1643 985 1723 selliuatio
998 1643 1179 1748 suadebat)
1187 1643 1475 1722 monasteriolum
1484 1647 1604 1745 quod-

158 1747 237 1824 dam
255 1741 433 1844 aliignatis
451 1737 577 1822 annuis
594 1743 772 1822 reditibus
793 1769 938 1846 quoquo
959 1749 1101 1824 dentum
1120 1746 1204 1822 loco
1231 1745 1466 1845 preparavit,
1495 1769 1602 1846 quern

146 1869 236 1924 curn
255 1845 443 1945 paulopost
462 1869 560 1922 mora
579 1845 844 1942 interceperit,
863 1848 1060 1946 Stephanus
1080 1847 1164 1922 dein
1184 1845 1278 1924 lilius
1300 1847 1337 1921 id
1349 1846 1602 1946 postlueulen·

155 1967 228 2025 tarn
247 1948 341 2024 illam
356 1946 560 2047 patrocinio
581 1949 614 2024 S.
626 1945 777 2028 Martini
795 1947 838 2024 ab
849 1947 1007 2024 hostibus
1028 1949 1213 2024 obtentam
1231 1947 1423 2024 vidioriarn
1442 1950 1485 2023 in
1500 1971 1602 2028 mon·

155 2067 229 2126 tern
247 2046 435 2126 Pannoniae
454 2047 659 2137 transtulit,
674 2047 839 2146 justoque
862 2050 975 2144 isthic,
995 2045 1184 2125 efformnto
1207 2047 1426 2126 monasterio
1454 2047 1602 2126 Anasta·
1654 2041 1663 2054 “

48 2239 52 2249 ,
153 2152 241 2229 lium
260 2149 413 2251 primunt
432 2151 609 2227 Abbatetn
628 2149 826 2228 constituit.
893 2151 983 2228 ilua
1001 2150 1146 2228 minime
1172 2149 1335 2228 violenta
1355 2147 1599 2250 explicatione
1685 2187 1719 2242 χ
1810 2233 1825 2250 ,

41 2257 46 2276 '
152 2252 290 2351 optime
305 2251 366 2326 illa
385 2250 647 2339 conciliantur,
673 2272 750 2348 quae
770 2249 806 2324 dt
824 2251 1078 2342 Thuroczius,
1109 2253 1143 2328 a
1173 2250 1399 2328 Chartuitius
1429 2247 1596 2352 &diplo-
1612 2214 1689 2282 Tha
1689 2218 1807 2289 ΜΓ
1805 2251 1831 2297 ⁰·

151 2377 209 2429 ma
228 2349 401 2449 Stephani
430 2349 539 2448 Regis
562 2349 607 2425 de
631 2352 761 2425 eodem
781 2351 955 2430 caenobio
982 2351 1240 2449 Anastastoque
1266 2351 1473 2450 prodidere.
1524 2354 1594 2430 Sod
1605 2304 1829 2484 'elmiza

1705 615 1723 671 b

152 2475 285 2528 novarn
303 2450 403 2525 litent
421 2469 570 2526 movete
587 2449 691 2524 uobis
709 2449 855 2527 videtur
868 2450 1101 2540 ,chartuitius
1120 2475 1206 2527 mox
1235 2451 1378 2528 laudato
1397 2453 1505 2543 loto,
1531 2475 1679 2553 quraro.
1695 2477 1829 2548 aarum

120 2633 123 2642 ,
152 2551 306 2628 eundem
318 2547 499 2626 Astricutn
518 2547 980 2626 seunnastahumaltetius
998 2551 1202 2626 monasterii
1221 2573 1466 2648 cognomento
1486 2556 1666 2631 Montana
1687 2561 1718 2626 S,
1744 2561 1823 2628 Gaa-

136 2658 288 2751 serreas
315 2650 475 2750 iuligniti
507 2649 734 2726 conditorem
762 2649 797 2727 dt
824 2651 1002 2728 Abbatem
1031 2646 1131 2726 lacit.
1209 2653 1334 2728 Verbo
1363 2651 1460 2730 illius
1484 2638 1807 2748 suuta¹l“1r·¹5jt·‘

149 2759 262 2834 Porro
279 2755 443 2848 Astricus
459 2749 586 2831 Albas
605 2775 682 2826 cunt
700 2753 780 2852 stris
811 2750 997 2846 honorifice
1022 2771 1188 2856 acceptus
1221 2754 1273 2830 ad
1294 2752 1434 2831 radices
1467 2761 1599 2836 maath

135 2859 258 2959 ferrei
283 2850 471 2939 caenobium
498 2858 536 2932 in
564 2843 683 2930 Suada·
709 2855 885 2932 Bettedllii
914 2853 1075 2932 honorem
1105 2859 1329 2950 conflauerit,
1356 2849 1415 2932 abi
1434 2852 1600 2966 hodieque
1608 2833 1704 2904 clm·
1718 2857 1827 2930 ΜΠ

147 2955 394 3038 monacharum
424 2960 470 3053 est
498 2960 730 3062 congregatio
761 2955 922 3063 regulari
957 2956 1135 3058 disciplina
1154 2961 1314 3061 polens,
1351 2959 1595 3060 imperalium
1822 2977 1825 2984 '

148 3085 269 3136 reram
286 3063 394 3162 copiis
412 3085 461 3134 ex
493 3061 610 3136 Dacis
628 3057 847 3136 liberalitate
858 3053 1165 3161 stiperabuadaas.
1243 3060 1308 3139 An
1333 3053 1487 3136 fortaffi's
1523 3055 1596 3138 hoe
1703 3109 1707 3116 ·

142 3159 265 3260 -iplum
304 3160 458 3257 primum
501 3159 791 3238 monasteriolum
837 3159 889 3236 ad
919 3158 1059 3235 radices
1106 3165 1237 3240 montis
1275 3161 1398 3238 Fami
1425 3161 1631 3254 exstitit,

147 3259 249 3362 quod
292 3260 362 3336 hoc
399 3279 458 3336 aut
495 3257 667 3360 sequente
693 3283 788 3338 anno
816 3260 933 3360 coepit
968 3259 1108 3352 Geizt,
1145 3261 1181 3340 dt
1214 3285 1333 3361 equo
1359 3259 1595 3340 tondentSte·

119 3449 126 3458 ,
147 3366 284 3464 pharius
303 3357 522 3438 Anastafiutn
540 3385 622 3440 cunt
640 3359 711 3440 luis
735 3358 919 3462 discipulis
937 3362 976 3438 in
991 3381 1150 3440 montena
1172 3363 1292 3442 Sandli
1310 3361 1459 3440 Martini
1481 3367 1598 3440 tranr-

146 3461 260 3543 tuiit?
288 3463 350 3562 qui
369 3462 471 3538 locus
488 3485 568 3540 curn
583 3462 653 3560 jann
671 3461 892 3540 eremitoriis
901 3462 1145 3540 Benedidlinis
1155 3461 1253 3541 sacer
1261 3457 1508 3564 ellet,poliea
1517 3451 1596 3540 for·

145 3563 240 3644 talias
260 3562 384 3642 rursus
402 3566 446 3640 ab
464 3563 543 3646 aliis
563 3563 746 3644 monachis
769 3565 908 3654 cultus,
936 3565 1162 3664 pedetentim
1188 3565 1228 3643 in
1240 3565 1365 3661 iustam
1389 3562 1595 3642 monasterii

147 3665 298 3744 formam
318 3665 477 3755 transiit,
503 3685 612 3766 atque
632 3689 709 3744 cunt
729 3665 933 3742 Anastasius
951 3665 1045 3740 illins
1058 3667 1172 3766 priato
1187 3665 1418 3744 fundamenta
1436 3655 1522 3742 olim
1542 3664 1599 3762 je·

148 3768 265 3854 ecrit,
293 3769 427 3844 rnerito
446 3767 499 3844 illi
524 3769 630 3872 priori
648 3768 801 3844 Abbatit
826 3767 1065 3865 prerogativa
1074 3767 1112 3842 in
1124 3765 1308 3866 Catnlogia
1326 3765 1506 3844 Abbaruta
1517 3787 1597 3844 tnta»

147 3866 294 3948 nosterii
312 3868 413 3963 hujus
431 3863 607 3946 concello.
659 3867 735 3946 Nili
755 3863 909 3944 lottaffis
927 3865 1053 3944 dicere
1076 3866 1262 3955 militans:
1299 3871 1334 3948 S.
1354 3868 1593 3946 Adnlberturn

79 4019 90 4030 =
149 3993 199 4050 ex
218 3970 351 4044 itinere
372 3965 436 4048 luo
456 3969 559 4066 hujus
578 3971 659 4048 anni
677 3971 839 4048 Romano
859 3969 893 4044 a
912 3969 1051 4046 Gallico
1069 3967 1191 4068 plures
1209 3969 1405 4048 mortachos
1420 3963 1598 4046 comites·-

48 4157 49 4160 Ν
149 4093 226 4172 que
240 4067 424 4148 adduxille
443 4073 479 4148 in
493 4071 728 4174 Hungarianr.
779 4071 871 4149 Nam
888 4069 981 4147 alter
1001 4071 1228 4171 biographus
1249 4070 1356 4148 claris
1382 4071 1510 4148 verbis
1537 4061 1590 4146 al·

104 4237 107 4250 .
147 4173 258 4270 serit,
284 4193 367 4252 enm
384 4195 431 4254 ex
447 4174 747 4280 peregrinatione
769 4171 843 4358 stqt1
845 4165 1053 4355 fflnenfi
1060 4227 1077 4272 ,
1109 4171 1348 4272 Floriaeenli,
1382 4153 1593 4349 &mim

259 4315 260 4320 a
511 4327 521 4341 ,
1477 4299 1499 4350 a
1524 4311 1543 4334 ,
