3932 4796
379 375 451 457 ¹32
509 447 512 452 ,
832 303 864 328 ἰ
924 356 1105 472 Annos,
1131 355 1219 456 963.

293 605 298 610 .
352 516 568 611 Boheniiae
589 542 770 635 unquam
799 515 937 636 aliquo
961 517 1193 610 clientelari
1218 511 1362 606 officio
1381 509 1454 604 seu
1483 513 1555 634 ipsa
1578 511 1651 609 seu
1673 515 1793 612 alteri

125 657 477 772 renarrantem
497 660 724 752 obnoxios.
795 653 954 758 Quodsi
978 655 1147 750 servitia
1170 655 1463 772 clientelaeque
1491 657 1554 746 illi
1577 656 1790 776 decffent,

125 755 272 844 '‘sim''
354 803 631 917 undecunque
663 825 714 886 ea
731 820 934 912 pararet,
972 795 1141 888 Ducem
1177 795 1392 887 Bohemiae
1435 798 1663 911 pariturum
1692 827 1795 891 nun·

356 968 497 1060 quam.
583 933 840 1054 Responsum
860 945 941 1026 hoc
963 933 1147 1048 Boleslai
1192 934 1407 1052 superbius
1430 953 1556 1054 atque
1568 937 1793 1056 indignius,

358 1107 481 1198 quarn
507 1075 741 1168 utCaei'aris
764 1103 884 1166 aures
911 1075 1025 1166 serre
1056 1074 1342 1195 poffent‚non
1364 1076 1636 1168 mediocriter
1667 1076 1797 1172 Otto·

125 1222 128 1232 '
242 1315 246 1322 ,
342 1222 423 1330 „nis
449 1220 630 1306 animum
655 1218 860 1336 pupugit,
879 1245 1006 1334 quem
1027 1238 1074 1307 ut
1096 1219 1229 1331 magis
1249 1213 1465 1333 magisque
1480 1218 1610 1330 legati
1633 1219 1685 1310 ad
1718 1221 1793 1310 ira·
1820 1231 1823 1238 '

211 1390 215 1400 ·
358 1359 548 1448 cundiam
573 1355 880 1468 incenderent,
904 1355 1103 1446 refricant
1132 1356 1194 1447 illi
1210 1351 1369 1444 nefarie
1403 1382 1477 1473 per
1498 1356 1660 1449 infidias
1681 1357 1793 1450 sanc·

359 1495 501 1590 tiffimi
521 1492 660 1585 fratris
684 1492 935 1583 Wenceslai
957 1492 1174 1586 interfecti
1192 1494 1469 1608 memoriam,
1492 1525 1577 1615 quo
1602 1497 1798 1614 indignis·
1826 1481 1837 1492 ’

360 1638 462 1728 snno
490 1633 586 1726 ausu
607 1635 679 1724 srbi
701 1628 987 1750 Principatunr
1007 1619 1222 1726 Bohemiae
1242 1653 1393 1751 praeter
1417 1636 1545 1724 ullum
1567 1635 1800 1756 Inrperatoss

265 1795 268 1802 ’
358 1778 416 1867 ris
436 1771 633 1866 offensum
659 1767 943 1886 vendicasset,
983 1792 1240 1888 exaggerato
1266 1772 1447 1890 denique
1482 1772 1612 1891 asperi
1645 1779 1795 1870 trucia-

359 1913 442 2036 que
463 1913 644 2008 Bohemi
668 1912 839 2026 ingenio
861 1913 1021 2002 nullum
1044 1941 1129 2004 non
1151 1931 1329 2006 movent
1350 1913 1555 2032 lapidem,
1584 1934 1632 2005 ut
1664 1920 1802 2007 vindi-

359 2059 455 2146 c‘em
479 2079 646 2145 manum
688 2052 733 2140 in
773 2067 1067 2144 contumacem
1091 2073 1252 2144 exerat.
1339 2049 1434 2143 Hac
1456 2049 1690 2166 legatorum
1709 2085 1803 2169 ora·

146 2196 480 2352 mammone
498 2194 614 2284 nullo
637 2217 747 2309 pene
784 2193 961 2308 negotio
991 2194 1176 2320 irritatur
1189 2191 1387 2284 ‘Ottonis
1422 2192 1582 2282 crimus
1611 2215 1795 2287 nontam

132 2333 666 2456 advotatum-contumacia,
687 2358 810 2450 quam
833 2335 1084 2424 innocenter
1113 2328 1229 2422 effufi
1251 2329 1423 2421 fraterni
1446 2327 1653 2448 sanguinis
1681 2333 1797 2425 causa

134 2439 331 2589 ΨΜ
361 2461 562 2569 Bohemis
585 2472 743 2562 bellum
765 2470 924 2563 inferre
941 2473 1158 2592 accrevit,
1197 2453 1250 2561 (b)
1311 2463 1478 2562 Verum
1500 2490 1643 2566 tamen
1664 2475 1801 2565 immi-

326 2651 330 2658 ·
361 2603 538 2724 nentem
578 2620 682 2702 hanc
714 2615 1008 2730 tempestatem
1047 2643 1132 2732 quo
1154 2609 1292 2730 minus
1317 2606 1428 2702 Otto
1443 2607 1608 2705 'eodem
1628 2641 1734 2708 anno
1748 2612 1802 2706 'in

340 2765 344 2768 ’
363 2753 579 2848 Bohemoc
591 2771 790 2843 exereret
803 2818 816 2864 ,
829 2749 996 2842 factiosa
1007 2751 1141 2843 Roma
1154 2746 1369 2866 ,scissaque
1382 2743 1541 2865 percos
1561 2753 1657 2844 dies
1688 2757 1800 2846 inter

291 2921 294 2926 “
326 2895 330 2904 ’
364 2893 471 2985 duos
495 2887 726 2983 Pontifices
749 2885 955 3002 Joannem
979 2887 1075 2986 XIL
1099 2893 1142 2982 &
1165 2887 1442 2993 Benedictum
1458 2915 1513 2980 eo
1534 2889 1801 2996 nomichI.

364 3034 421 3125 de
436 3028 687 3124 Pontificatu
705 3025 867 3120 suriosrs
895 3032 1043 3122 animis
1066 3022 1560 3144 digladiantes,‘obstitit.
1634 3029 1803 3135 Quibus
1937 3035 1945 3070 ²

365 3173 502 3266 turbis
535 3187 582 3260 ut
610 3167 854 3285 imperator
877 3171 1049 3262 modum
1071 3169 1267 3286 faceret,
1303 3197 1414 3260 arma
1449 3168 1676 3263 initaliam
1707 3201 1805 3264 con·

363 3310 529 3430 yenit,
552 3330 670 3427 capta
703 3303 829 3427 urbe,
866 3337 1057 3432 veroque
1088 3306 1297 3403 Pontifice
1319 3307 1473 3414 Leone
1511 3315 1741 3408 constituto·
1760 3317 1807 3408 in
1920 3401 1926 3407 .

368 3449 637 3548 Germaniam
655 3451 796 3545 rediit.
820 3435 875 3542 (c)
