3900 4814
546 385 552 394 ,
672 315 983 397 detestata.
1035 315 1098 393 26.
1188 357 1193 442 j
1490 317 1563 419 ³65

560 472 1191 646 ralntnnnrssa'.
1290 547 1293 554 ·
1391 509 1394 518 ’

151 721 180 799 Ι.
278 717 417 796 editum
437 715 593 816 primum
613 715 647 794 S.
666 715 860 794 Adalberti
878 715 917 793 in
933 714 1136 793 Bohemiam
1156 710 1344 794 Clarissimi
1364 715 1451 796 Viri
1463 711 1605 792 Bollan.

210 729 277 904 R
305 818 428 906 diani,
452 815 606 916 Pagina,
632 811 843 896 Allemanus
860 815 1140 916 compluresque
1163 815 1224 894 alii
1255 841 1303 894 ex
1324 815 1518 894 reformata
1539 819 1607 894 ho·
1671 879 1672 885 a

151 921 212 998 die
232 915 447 998 chronotaxi
466 917 510 994 ad
528 939 658 994 annum
679 939 753 1018 994
772 938 964 1018 reponunt.
1017 919 1086 994 Sed
1106 941 1195 1017 pace
1214 917 1380 996 virorum
1404 918 1552 996 istorum
1565 939 1607 994 e.

150 1017 443 1098 rittfitillimorum
464 1016 589 1094 dicere
619 1017 707 1094 milri
737 1013 792 1094 sas
818 1017 918 1106 ello,
954 1017 1049 1116 qnod
1077 1041 1205 1094 eorum
1224 1019 1363 1096 calculo
1383 1015 1607 1102 subscribere

151 1145 375 1224 nequequam
394 1114 545 1219 polltm,
569 1139 652 1194 cum
681 1141 728 1195 ex
756 1117 950 1218 diplomate
979 1117 1243 1198 Bzevnoviensr
1274 1119 1386 1198 hodie
1413 1119 1530 1208 adhuc
1554 1115 1606 1196 sn

151 1223 328 1324 perdite,
347 1219 517 1322 quodque
539 1240 633 1294 enno
657 1216 830 1320 sequente
848 1216 998 1296 servans
1025 1218 1195 1296 omnibus
1223 1241 1389 1300 veterum
1417 1216 1604 1298 chamele-

149 1348 231 1400 rum
257 1318 450 1411 duslibus,
473 1318 671 1416 plicatum,
702 1317 889 1420 carieiquc
921 1317 1064 1397 indiciis
1093 1315 1263 1398 excusum
1290 1321 1433 1411 danius,
1451 1315 1604 1397 manife-

151 1421 239 1498 llum
263 1423 434 1502 reddatur
458 1421 493 1496 S.
508 1414 839 1514 Adsuetum-jam
864 1444 957 1496 atino
978 1429 1052 1520 993Ι
1076 1419 1200 1520 Pragae
1228 1415 1430 1498 intersuille
1462 1420 1606 1498 dedica·

118 1565 119 1570 Ν
151 1523 245 1600 tioni
262 1521 424 1602 coenobii
443 1517 562 1610 hujus.
615 1519 685 1596 Sub
708 1521 841 1626 calcem
862 1522 957 1598 enim
978 1521 1183 1620 diplomatis
1204 1521 1307 1599 iliius
1326 1523 1399 1603 ltaec
1423 1524 1536 1602 verba
1549 1521 1605 1596 le-

152 1648 309 1724 guntur:
338 1625 444 1701 Hanc
464 1617 627 1724 squidem
645 1617 848 1698 libertatem
866 1622 1132 1725 adpetitionem
1151 1619 1362 1700 honorabilis
1384 1625 1460 1699 viri
1478 1623 1605 1702 Domi·
1665 1631 1669 1639 '

14 1789 18 1796 .
42 1753 45 1758 ·
151 1729 193 1804 ni
212 1721 406 1802 Adalberti
427 1723 582 1826 Epffcopi
601 1721 857 1819 Breunovietpd
866 1725 1250 1826 ntonnsterioperpetno
1280 1724 1463 1822 conceffitnt
1497 1751 1540 1800 ac
1567 1725 1605 1805 in

14 1895 21 1908 .
138 1825 278 1928 scripto
299 1825 474 1902 redactam
479 1827 521 1924 st
541 1816 592 1902 ilsi
610 1829 678 1900 mei
698 1825 893 1926 uppenfione
903 1827 1058 1914 munivi,
1069 1829 1379 1933 confimatumque
1383 1826 1494 1928 stipor
1501 1850 1605 1902 aram

152 1927 273 2004 Sancti
293 1923 467 2002 Benedicti
481 1851 640 2004 Aibatis
660 1920 819 2002 titanibus
836 1930 922 2001 nteit
930 1928 1058 2026 posui,
1080 1953 1239 2032 rogant,
1277 1945 1319 2004 nt
1343 1953 1460 2004 omnes
1491 1923 1605 2000 uiola-

150 2047 249 2106 tores
255 2029 321 2128 stu
337 2025 515 2123 invasores
529 2023 634 2130 bip'us
640 2025 831 2131 privilegii
856 2029 921 2128 ipſse
948 2024 1127 2102 Dominus
1155 2027 1225 2130 Epi
1236 2055 1274 2103 co
1298 2054 1339 2104 us
1363 2030 1602 2116 excommuni-

149 2147 273 2217 caret,
298 2125 526 2233 quodfncere
545 2155 615 2204 non
633 2123 781 2221 obniistt.
832 2127 975 2204 Dutnm
989 2145 1057 2230 per
1082 2154 1225 2204 nrannm
1294 2131 1401 2206 oniini
1424 2123 1600 2222 Chrisiont'

137 2233 284 2330 fratris
305 2231 446 2326 illustris
466 2229 582 2306 Ducis
604 2226 759 2304 Bosezlni
781 2230 890 2306 Anno
903 2231 1030 2336 gracie
1054 2229 1198 2308 DCCC
1198 2229 1267 2306 CX
1266 2228 1368 2308 CIII.
1396 2231 1440 2306 In
1459 2229 1529 2332 ipſse
1539 2227 1595 2316 die

148 2329 379 2408 dedicationis
398 2333 596 2425 nionasterii
599 2329 845 2430 suprascripti.
926 2327 1043 2405 euos
1077 2349 1186 2405 vetus
1208 2330 1459 2430 sincerumque
1483 2329 1594 2408 docu-

146 2452 307 2510 mentum
326 2453 408 2506 cum
430 2429 657 2528 incognitum
677 2423 789 2504 fuerit
809 2423 999 2528 suprafatis
1027 2425 1233 2506 ‹lodlilsrmis
1258 2429 1385 2523 Viris,
1420 2451 1491 2506 nec
1509 2428 1592 2504 Bio-

149 2557 212 2633 gra
240 2532 277 2608 hi
309 2535 340 2608 S.
362 2527 554 2609 Adelbetti
578 2526 798 2606 mentionem
827 2529 979 2626 aliquam
1009 2530 1112 2621 hujus
1140 2529 1379 2608 dedicationis
1407 2525 1589 2620 fecerint,

147 2559 238 2732 quii
249 2631 381 2708 mirum
398 2652 463 2706 eos
483 2629 657 2710 calculum
676 2623 811 2707 duxille
830 2653 877 2708 ex
895 2627 1065 2720 indiciis,
1084 2654 1161 2728 quae
1180 2631 1275 2730 apud
1298 2629 1590 2727 utruinquessio.

64 2797 66 2804 .
146 2733 322 2834 graphium
342 2748 571 2832 repererant·
638 2733 911 2832 Argumentum
938 2750 1057 2806 autem
1087 2728 1192 2808 Viris
1211 2729 1287 2806 illis
1305 2756 1374 2832 pro
1395 2729 1588 2828 defigendo

146 2835 287 2914 reditus
306 2856 399 2912 anno
419 2857 492 2936 994
511 2831 728 2934 praecipuum
749 2827 843 2923 fuit,
864 2829 962 2934 quod
981 2831 1075 2908 alter
1094 2829 1318 2932 Biogmphus
1333 2829 1449 2913 dicat:
1474 2829 1686 2940 Qiiin-Antd
1704 2833 1820 2901 Mittit.

146 2940 294 3048 quennio
306 2935 431 3038 plenus
445 2932 715 3036 (Bollundiani,
733 2933 884 3024 Susino,
907 2931 943 3008 dc
970 2931 1103 3032 Pagius
1135 2931 1265 3038 legunt
1283 2932 1409 3035 pleno)
1426 2933 1524 3010 milet
1549 2915 1822 3018 infi‘sffl‘dd·

145 3039 347 3132 ntonasterio
371 3056 464 3116 erat.
525 3035 557 3112 E
579 3035 709 3136 quibus
729 3034 853 3113 verbis
881 3032 1229 3210 mpuroentationem
1261 3033 1470 3121 deduxere3
1506 3003 1669 3112 cum⁸⁶⁷·
1684 3005 1724 3071 N·
1739 3019 1775 3088 ¹3
1899 3099 1903 3108 ,

146 3161 284 3215 certum
304 3137 346 3213 sit
373 3141 409 3222 S.
423 3136 656 3216 Adalbertum
677 3159 771 3218 anno
791 3158 867 3240 990
885 3135 930 3212 ha
955 3133 1042 3212 itum
1062 3134 1293 3222 monasticum
1313 3134 1485 3228 induisse,
1498 3159 1588 3212 non.

145 3237 210 3314 nisi
231 3235 360 3339 quinto
375 3259 470 3312 anno
490 3235 586 3342 (qui
602 3252 683 3312 emt
711 3259 824 3315 annus
852 3236 1148 3342 994)1·ev0cari
1176 3235 1300 3338 potuit
1312 3292 1327 3330 ,
1357 3259 1432 3340 quo
1460 3237 1590 3316 eodem
1629 3261 1637 3268 ·

144 3340 259 3439 igitur
277 3360 373 3416 anno
396 3335 536 3411 reditus
553 3333 647 3412 illius
664 3336 805 3416 accidit.
867 3336 937 3418 Sed
967 3337 992 3416 li
1011 3342 1242 3446 quinquennio
1264 3343 1390 3440 pleno,
1421 3337 1592 3440 quemad,

144 3439 289 3518 modum
306 3435 389 3514 Viri
409 3435 467 3513 illi
485 3435 637 3534 legunt,
664 3439 698 3514 S.
711 3437 930 3516 Adalbertus
960 3437 998 3515 in
1018 3439 1237 3518 monasterio
1260 3441 1385 3518 *Romae
1436 3438 1590 3530 erllitit,

146 3540 286 3620 reditus
302 3537 400 3621 illius
428 3559 546 3638 neque
575 3561 668 3614 anno
694 3561 800 3642 994,
828 3537 889 3616 sed
914 3535 1086 3640 sequente
1112 3557 1186 3644 995
1204 3539 1370 3618 accidere
1394 3463 1588 3630 titibuilsct,

1 3647 2 3659 '
144 3667 227 3720 cum
247 3641 341 3719 enim
362 3662 455 3719 anno
477 3661 553 3741 990
577 3637 615 3716 in
633 3641 750 3717 Coena
767 3637 913 3716 Domini
932 3641 1110 3718 cucullum
1129 3641 1340 3742 acceperit,
1359 3640 1497 3722 munifi
1526 3665 1589 3734 am

143 3763 194 3822 tro
218 3764 293 3844 995
309 3741 345 3818 in
368 3741 493 3820 elidem
525 3743 642 3818 Coena
667 3741 1088 3858 Dominiquinqnennium
1110 3743 1254 3846 plenum
1280 3740 1478 3819 monasticae
1506 3729 1588 3823 vite
1634 3743 1642 3760 “

1 3901 2 3918 l
144 3841 212 3922 liic
235 3839 399 3920 absolvit.
478 3839 597 3920 Quod
622 3859 764 3944 tempus
785 3842 988 3922 cummunis
1007 3839 1136 3934 serum,
1154 3867 1224 3922 nec
1253 3861 1311 3920 tot
1326 3841 1589 3943 posterioribus
1695 3899 1700 3910 ·

1 3953 3 4014 ῑ
144 3946 255 4046 gellis
276 3945 311 4020 S.
324 3941 513 4020 Adalberti
534 3937 716 4022 sufficiens
736 3943 926 4024 videretur
944 3943 1047 4022 Viris
1064 3943 1139 4024 istis
1164 3937 1398 4036 desiissent,
1431 3965 1505 4045 non
1522 3945 1587 4022 ob·

1 4067 2 4142 l
144 4047 261 4124 slartte
279 4045 352 4122 hoc
373 4042 568 4145 Biographi
587 4043 746 4138 indicio,
765 4045 924 4124 reditum
956 4045 995 4122 in
1023 4070 1154 4126 annum
1182 4043 1341 4148 priorem
1368 4044 1589 4141 rejecerunt.

1 4198 25 4231 2.
144 4148 278 4250 Pagius
298 4143 384 4226 huic
405 4143 590 4226 sententie
609 4145 758 4228 nimium
777 4143 932 4228 confisus
950 4147 1059 4251 plene
1078 4165 1233 4228 monet:
1259 4147 1301 4228 ln
1320 4146 1436 4228 altera
1455 4147 1589 4226 Conci·
1623 4153 1819 4238 Pagnsadm.

1438 4335 1441 4344 1
1469 4247 1537 4326 lio·
1596 4239 1783 4320 oetam
