3914 4822
350 417 351 422 Ν
608 343 616 358 ·
658 283 967 408 Boiaaratrt.
1013 347 1076 423 23.
1478 339 1552 420 345

1 483 2 488 '
117 471 299 574 senfimm,
326 469 387 570 qui
404 470 521 547 eidem
540 467 660 551 saneto
681 495 745 572 pet
766 485 908 549 omnem
925 472 1050 574 postea
1067 471 1181 548 vitam
1198 492 1271 548 non
1290 466 1398 546 modo
1417 465 1576 546 domist·
1709 445 1715 460 ’

2 629 3 632 κ
129 573 296 663 miliaria,
316 571 376 648 sed
394 571 428 646 dt
448 572 619 650 itinerum
631 595 734 650 extra
752 570 918 650 Prnllram
938 595 1072 663 comes,
1093 573 1129 660 ἃ
1150 590 1250 672 pater
1271 569 1460 671 spiritualis
1480 588 1572 647 erat.

0 721 2 732 ι
131 673 216 749 Eam
232 673 329 750 eninr
345 671 639 773 fignificationem
660 691 736 751 vox
754 679 869 777 Papus
887 697 933 751 eo
946 671 1072 750 liecnlo
1095 673 1239 761 habuit,
1268 691 1310 750 ut
1322 669 1571 788 paedagogum,
1601 659 1653 724 Du
1667 659 1823 764 mesum*

130 778 362 882 ntagistrum,
391 773 434 851 Εἴ
448 792 592 877 patrem
609 795 847 865 connotaret,
876 798 950 876 qne
972 775 1108 852 slavice
1125 783 1194 875 pe'r
1228 777 1323 850 Tema
1346 747 1725 872 exprlmeba-Ghffim'

131 899 203 953 tur.
256 873 388 953 Fartus
406 873 469 951 ille
486 875 617 952 deinde
635 878 830 954 monachus
851 899 921 977 pro
934 873 1081 951 solemni
1098 874 1250 954 Ordinis
1258 878 1291 952 8.
1303 871 1490 976 Benedidli
1498 895 1577 949 mo-

130 1001 194 1068 re,
212 999 345 1052 nomen
372 979 550 1072 Anastcfii
575 975 744 1078 indeptus
771 978 845 1070 est,
870 976 967 1076 quod
994 974 1147 1070 majores
1166 976 1278 1053 nostri
1299 974 1438 1083 slavica
1451 971 1576 1070 Aflrtk

1 1111 3 1155 l
129 1079 350 1166 reddebant,
371 1078 469 1154 unde
488 1073 644 1166 fadlnm,
670 1097 711 1154 ut
733 1078 826 1154 idem
840 1076 911 1171 jam
927 1081 1154 1173 Annjmfius,
1176 1075 1247 1174 jam
1276 1079 1441 1172 Astricns
1467 1097 1581 1152 voca·

1 1233 2 1256 ,
131 1200 248 1258 retur.
299 1177 539 1256 Astricnmdt
572 1178 789 1254 Anallalium
819 1201 925 1254 artum
956 1179 1183 1282 eundemque
1202 1173 1316 1268 soille,
1342 1195 1448 1252 extra
1471 1194 1581 1251 omne

1 1336 2 1344 a
133 1277 279 1359 dubium
299 1279 373 1367 est,
400 1301 479 1354 nam
497 1279 535 1355 id
548 1301 674 1356 omnes
696 1279 858 1356 historici
878 1279 991 1356 nollri
1009 1297 1079 1354 tam
1097 1299 1246 1356 veteres
1272 1301 1373 1378 qnam
1393 1276 1580 1352 recentio-
1735 1361 1741 1368 ,

1 1417 2 1456 ÷
65 1456 68 1462 ,
130 1403 194 1457 res
216 1375 414 1466 affirmant,
442 1379 536 1454 idem
553 1377 671 1480 pallim
699 1378 858 1457 sentiunt
880 1377 1075 1478 scriptores
1095 1377 1317 1478 Hungatic'i,
1343 1377 1581 1454 attaeearnid

1 1511 23 1549 a
132 1473 356 1556 manifestum
375 1479 478 1555 reddi
493 1501 567 1556 non
579 1479 688 1556 modo
706 1503 752 1558 ex
773 1475 1357 1580 Clmrtnitioffprimovetustilllmo
1376 1481 1411 1556 8.
1427 1479 1580 1654 Stipha-

1 1640 3 1653 .
128 1581 170 1657 'ni
195 1577 610 1695 Biographoangaro,
637 1579 1060 1683 sed&ediplomatibua,
1087 1603 1167 1681 que
1197 1578 1266 1657 suis
1293 1580 1393 1696 lonls'
1409 1603 1478 1680 pto
1495 1601 1579 1656 ete-

1 1739 2 1746 ,
132 1675 1579 1898 tm,lmtltlltttl{lmlttltlllt'tfllltdltsslttlz

133 1884 366 1984 qnphabetur
384 1882 423 1959 in
440 1883 577 1959 Codice
596 1884 767 1973 Sullano,
794 1885 844 1961 ibi
861 1907 957 1960 emm
975 1883 1183 1961 libranum
1202 1907 1300 1987 993,
1327 1907 1399 1984 qno
1416 1888 1450 1961 8.
1463 1881 1578 1959 Anal-

124 1985 256 2059 bertus
274 1982 430 2060 l'ecnndo
448 1981 607 2061 del'emit
631 1985 855 2076 Bolremiam,
878 1983 948 2081 jam
967 2005 1121 2064 vocatur
1146 1991 1333 2084 Astricus,
1363 2007 1445 2062 curn
1473 1979 1579 2074 supe·
1702 1981 1728 2082 J

130 2085 289 2161 rioribus
310 2086 411 2161 amris
432 2085 525 2162 hand
550 2085 710 2164 aliter'at
739 2107 785 2160 ne
805 2091 921 2190 Paper
937 2087 1053 2163 mm
1072 2108 1227 2167 vocatus
1245 2085 1373 2163 fuerit.
1431 2083 1578 2164 Scilicet

129 2207 176 2262 eo
200 2207 294 2264 anno
308 2184 378 2282 jam
397 2186 600 2262 Anastasius
619 2184 680 2262 sen
702 2109 867 2265 timaeus
889 2186 1092 2266 monasterii
1113 2187 1413 2294 Brzflevnovieufis
1430 2186 1474 2262 ad
1492 2183 1578 2260 Pra·
1602 2213 1609 2223 ·

130 2309 210 2388 gam
231 2287 336 2363 Prior
357 2285 416 2362 len
434 2287 558 2363 Annas
575 2306 675 2375 erat,
708 2303 749 2364 ut
769 2290 910 2366 adeum
929 2311 1060 2366 antrum
1079 2289 1319 2366 ostendemus.
1396 2285 1577 2364 Habemus

126 2388 199 2484 jam
218 2389 341 2486 itaque
359 2405 513 2488 quatuor
529 2387 699 2489 expedita
719 2391 863 2466 nomina
881 2389 1023 2480 Radla,
1053 2394 1188 2493 Papus,
1215 2391 1438 2486 Anastcpfies,
1458 2389 1573 2484 Astri·

132 2515 195 2565 tus
214 2487 320 2563 unius
341 2488 571 2587 eiusdemque
592 2489 665 2565 viti
691 2491 918 2580 educatoris,
940 2490 1099 2588 magistri
1121 2493 1309 2591 patrisque
1329 2487 1521 2589 spiritualis
1537 2491 1573 2568 8.·

130 2588 334 2666 Adalberti.
386 2588 508 2664 Restat
527 2611 569 2666 ut
596 2592 747 2670 Tataeda
767 2591 928 2668 Dendati
953 2613 1107 2681 nomem,
1133 2615 1206 2690 qno
1246 2615 1328 2668 eum
1368 2588 1575 2670 Thntczius

27 2787 32 2797 Ι
130 2687 322 2790 indigitat,
350 2691 393 2766 ad
411 2713 492 2768 eum
509 2687 622 2790 ipsum
644 2689 807 2793 spenare
830 2689 1048 2792 probemus:
1075 2691 1111 2768 T
1112 2692 1309 2770 huroezius
1322 2715 1411 2768 mox
1431 2691 1574 2768 laudato

1 2867 3 2882 ‚
128 2791 214 2866 loco
233 2790 343 2867 dicit:
370 2791 467 2892 qnod
486 2791 669 2870 Deotlatns
687 2792 751 2872 sen
764 2793 862 2870 Tatta
879 2821 958 2871 cum
977 2793 1015 2869 S.
1027 2789 1228 2871 Adalberto
1251 2796 1425 2901 Pragenst
1437 2793 1574 2896 Episco-

123 2912 171 2996 po
188 2892 225 2968 S.
245 2890 457 2995 Stephanum
475 2895 605 3001 Regem
621 2891 840 3000 baptizavit.
908 2895 1078 2996 Idemque
1096 2892 1293 2996 subjungit:
1320 2895 1418 2996 quod
1436 2897 1474 2971 8.
1493 2899 1573 2970 Ste-

129 2993 267 3094 phanut
286 2995 437 3070 eundem
458 2993 500 3084 ab
517 3003 758 3075 reverentiam
787 2997 881 3074 Tata
896 2995 1146 3098 appellaverit.
1218 2997 1310 3074 (duo
1338 2997 1439 3073 Tate
1456 2992 1574 3086 nomi·

127 3115 175 3170 ne
201 3115 307 3190 quem
326 3093 433 3170 alium
447 3093 635 3196 indigitari
661 3099 834 3190 dicemus,
861 3119 972 3198 atque
992 3099 1158 3198 Papatem
1182 3099 1370 3175 Rndlam?
1406 3095 1468 3197 qui
1491 3114 1576 3173 cant

128 3195 270 3271 ordinis
291 3194 478 3270 Cleriealis
496 3193 632 3289 fuerit,
657 3197 937 3300 individuusque
958 3198 1072 3275 locius
1090 3199 1124 3276 dt
1145 3199 1317 3276 itinerum
1334 3203 1370 3276 S.
1383 3197 1574 3274 Adalberti
1678 3219 1706 3270 .·

129 3317 276 3409 comes,
290 3295 536 3404 protnldubio
555 3301 591 3374 S.
609 3301 810 3377 Adalberto
834 3304 874 3382 in
891 3299 1112 3378 ceremoniis
1130 3301 1295 3402 baptismi
1321 3295 1572 3398 Stephani'a'd·

128 3395 239 3485 llitrt,
259 3419 300 3472 ut
318 3397 389 3491 jam
407 3395 451 3472 ad
460 3419 590 3474 annum
602 3411 675 3500 984
687 3403 1036 3504 praeoccupavimus,
1061 3401 1146 3479 inde
1159 3403 1197 3478 in
1212 3402 1294 3478 rudi
1310 3399 1573 3478 ndhncritnum

126 3497 412 3580 Christianorum
443 3495 657 3599 Hungarico
681 3503 820 3602 populo
848 3505 975 3604 opinio
1023 3503 1198 3594 invalnit,
1225 3503 1366 3580 demum
1394 3501 1432 3578 in
1458 3499 1570 3576 tradi-
1671 3587 1674 3595 ,

126 3599 265 3682 tionem
286 3593 522 3699 transgrellr,
549 3617 590 3676 nt
604 3602 698 3680 Tata
718 3625 797 3680 enm
823 3602 955 3682 Sandlo
980 3607 1181 3684 Adalberto
1199 3607 1417 3705 Stephanum
1433 3603 1573 3701 Regem
1706 3666 1711 3683 .

125 3695 316 3800 bnptlzrlle
335 3701 494 3779 creditus
512 3695 648 3795 suerit,
677 3729 758 3782 cnm
779 3727 887 3782 nemo
909 3706 1189 3788 Christianorum
1201 3707 1349 3806 ignoret
1359 3705 1569 3806 baptil'mnm

125 3799 264 3881 nonnill
283 3805 325 3878 ab
344 3825 415 3879 nno
431 3799 596 3882 conferri
610 3803 723 3907 polle.
796 3807 894 3883 Idem
915 3808 1024 3888 Radla
1040 3831 1121 3888 cum
1151 3811 1186 3886 S.
1210 3807 1409 3888 adalberto
1429 3805 1564 3907 Papae,

39 3952 43 3964 ·
110 3903 190 3986 ‘seu
208 3919 334 4002 pater,
360 3906 540 3983 communi
560 3927 680 3985 autem
696 3909 732 3986 dt
750 3901 910 3986 familiari
932 3910 1167 4006 Bohemomm
1189 3911 1444 4009 slavorumque
1455 3908 1564 4009 ligai-
1722 3956 1725 3964 »

122 4003 296 4088 litatione
319 4005 414 4082 Tura
431 4005 631 4107 appellatus
651 4003 783 4087 fuerit:
808 4009 894 4087 inde
909 4011 1176 4088 verofimillime
1205 4012 1313 4088 etiam
1330 4007 1558 4112 profetiam,
1571 3989 1796 4104 Tmml'sstfffl

1 4139 2 4145 ¹
122 4107 222 4212 quod
242 4110 277 4184 8.
297 4107 498 4207 Stephanus
517 4114 665 4188 enodem
681 4111 958 4214 appellationem
976 4109 1220 4213 allnmpl'erit,
1246 4109 1284 4189 n
1312 4079 1749 4194 venerationissnlt‘tl‘t'·

1 4225 2 4316 l
120 4207 297 4311 ejusmodi
317 4206 418 4286 causa
432 4210 487 4286 illi
504 4211 696 4306 tribuerit,
720 4215 804 4318 quia
819 4212 935 4312 reipsa
946 4216 1063 4298 eidem
1073 4231 1220 4322 quoque
1250 4211 1444 4320 spiritualis
1457 4163 1791 4336 Patetfflzmls‘ffjss
1839 4216 1843 4224 '

174 4311 667 4398 Pmalvmrmammrc.
854 4313 923 4398 Xx
1106 4409 1114 4440 x
1419 4311 1509 4412 fnit,
1558 4347 1789 4414 tonsoratum.
