3954 4802
673 321 916 398 llorasunr
956 345 999 403 rr.
1063 320 1102 398 6.
1510 345 1592 432 ab,

4 455 5 470 Ν
159 468 556 570 mincionesusclpiat.
609 465 718 542 Alina
737 467 962 563 anonymus
984 464 1099 542 tribus
1119 464 1223 556 &ana
1249 463 1468 546 lius-laetalia
1489 471 1614 571 poste·

160 572 237 648 rior
256 568 409 665 ejusdem
431 561 553 646 Sancti
564 565 805 666 biographus,
823 565 885 668 qui
905 565 942 642 in
960 567 1035 644 MS.
1055 565 1194 643 Codice
1240 565 1608 666 rebonenlibubetur,

3 687 4 708 ³
160 671 319 746 omnium
338 665 660 768 copiosrffimehaee
680 667 847 745 miracula
869 663 1105 768 prosequitur
1133 664 1245 766 usque
1270 668 1461 748 adaunum
1484 695 1607 774 1342,

147 794 231 872 ⁴quo
249 769 409 846 nobilem
430 769 608 870 quendam
625 765 894 847 adolescentem
916 765 1133 845 cumensem
1150 767 1302 868 loquele
1320 769 1522 849 restitutum
1534 795 1611 850 me·
1695 769 1702 784 “

157 887 285 964 morat.
360 869 456 946 Vitae
481 869 534 948 lrae
563 867 712 946 diverse
732 873 768 945 S.
787 867 1009 946 -Wenceslai
1027 865 1197 970 nusquam
1228 871 1378 946 antehac
1407 869 1521 964 edite,
1542 873 1607 950 ali-

38 977 43 990 “
157 970 300 1072 quando
319 973 554 1050 merebuntur
566 967 849 1072 publicationem
878 967 978 1048 irater
1007 965 1146 1048 Tomos
1164 969 1306 1050 nostros
1327 969 1427 1054 MSS.
1446 972 1607 1052 inedito-

599 1611 932 1798 ANNUS
1000 1633 1148 1821 973.

152 1941 505 2300 supercilium
547 1944 812 2036 ethnicorum
846 1971 932 2036 non
959 1941 1066 2033 ultra
1090 1937 1205 2035 serre
1227 1942 1341 2061 potia
1364 1937 1599 2060 Balesium,

292 2084 528 2202 conscripto
552 2085 779 2176 Christiano
801 2084 938 2176 milite
959 2079 1599 2202 Lucenlrum,provinciambel·

293 2227 335 2316 lo
357 2222 569 2340 lacellere,
591 2224 859 2342 rebellesque
874 2222 948 2320 seu
980 2225 1144 2318 vexillo
1174 2223 1322 2316 Crucis
1356 2221 1595 2340 subjicere,

1 2475 2 2480 Ν
153 2361 226 2456 lau
247 2362 598 2482 pellumpremere
616 2364 844 2458 constituit.
937 2363 1115 2456 Consilia
1136 2361 1367 2460 Adalberti
1390 2366 1593 2458 contrain

153 2503 292 2594 numia
313 2505 390 2593 alia
421 2505 562 2622 ibant,
597 2501 840 2618 graviilimis
851 2504 996 2595 verbis
1009 2504 1251 2597 dehortatus
1262 2501 1517 2623 Principem,
1536 2531 1592 2596 ne

149 2645 310 2736 invitos
328 2641 379 2734 ad
397 2645 541 2734 Christi
561 2647 680 2734 castra
698 2663 846 2757 cogat,
882 2671 963 2734 nec
989 2645 1266 2760 perduellium
1294 2645 1463 2736 istorum
1492 2641 1591 2735 salu·

1 2780 2 2820 ³
149 2803 238 2876 tem
263 2805 381 2878 tanto
404 2783 722 2912 Christianorum
746 2781 943 2900 sanguine
960 2782 1138 2877 redimat
1162 2853 1177 2902 ‚
1199 2785 1288 2876 imo
1306 2787 1349 2875 id
1370 2783 1499 2876 etiam
1527 2785 1587 2874 in·
1610 2845 1638 2908 5
1651 2845 1821 2916 Mamm

147 2922 357 3018 cursurum
378 2919 616 3042 Principem
636 2923 835 3040 periculi,
856 2943 905 3017 ut
924 2953 1019 3016 cum
1039 2921 1185 3016 lolium
1205 2926 1414 3018 eradicare
1422 2921 1585 3042 satagit,
1594 2931 1818 2998 dhonon&

1592 3013 1726 3096 lerinam,
1747 3037 1780 3079 ne

1 3123 2 3126 κ
146 3067 264 3157 limul
284 3067 442 3158 evellat
463 3067 507 3157 dc
524 3065 729 3156 triticum.
813 3063 904 3155 Sibi
927 3065 1146 3184 permittat
1162 3074 1266 3158 hanc
1293 3063 1583 3157 sollicitudinis
1592 3101 1709 3162 canaan
1728 3107 1818 3166 arnas

144 3225 335 3323 partem,
352 3223 638 3297 accuraturum
657 3201 702 3294 se
725 3205 865 3321 prius,
886 3227 935 3296 ut
957 3207 1161 3321 lenitate,
1205 3235 1254 3298 ac
1280 3205 1363 3298 suis
1396 3185 1818 3352 suorum-jssssfflfflffi

146 3372 229 3464 que
252 3345 426 3436 monitis
446 3346 489 3444 in
521 3345 637 3436 ovile
660 3343 807 3434 Christi
837 3347 1143 3462 premebantur,
1165 3349 1222 3438 sm
1257 3345 1678 3460 minus,relrac-sacra

143 3487 274 3614 tarios
306 3481 421 3576 sacro
465 3483 642 3576 fulmine
668 3481 909 3601 feriendos,
932 3503 978 3576 ut
999 3483 1311 3578 Sodomitarum
1346 3483 1584 3595 calamitate

142 3621 255 3716 suam
276 3622 557 3718 infeliciorem
582 3625 864 3744 experiantur.
911 3609 970 3712 (α)
1019 3622 1155 3718 Dedit
1184 3643 1253 3717 tot
1282 3625 1582 3717 exhortationi·

1 3823 2 3854 t
142 3765 222 3856 bus
238 3765 378 3856 locum
404 3763 647 3880 Boleslaus,
670 3786 796 3882 atque
820 3763 965 3856 vim&
985 3791 1128 3888 arma,
1156 3791 1279 3885 quarn
1302 3765 1428 3858 facile
1452 3766 1581 3884 legit,

109 3925 226 3998 tam
251 3905 367 3995 nullo
391 3909 566 4020 negotio
597 3903 794 3997 dillulvit.
892 3903 1060 3996 Interea
1098 3906 1319 4024 evigilavit
1349 3925 1468 4000 tanto
1498 3905 1589 4000 fer--

139 4047 311 4140 ventius
332 4041 522 4138 Praesulis
546 4045 737 4140 industria
761 4045 815 4138 ad·
832 4027 1105 4165 spargendum
1127 4049 1249 4144 verbi
1271 4047 1404 4144 diruti
1421 4045 1583 4164 semen,

1 4203 2 4230 ³
118 4337 122 4345 Ι
188 4213 287 4298 Paua
296 4213 363 4301 IV.
372 4217 529 4296 Alauna.
541 4195 682 4300 ducac.
843 4215 908 4294 ud
