3900 4814
667 319 909 399 llonusutr
933 347 972 401 rr.
1028 344 1089 425 29.
1484 345 1559 420 405

136 466 290 567 periculi
310 467 346 542 in
367 467 561 565 neophyta
579 483 690 564 geute
712 462 783 544 elle
802 483 971 568 poterat,
999 463 1092 567 ipsas
1120 464 1374 567 inscriptiones
1403 491 1476 546 nou
1504 493 1584 548 era·
1708 531 1713 548 ,

137 567 276 659 serint,
303 568 338 644 id
358 568 444 646 mibi
464 568 608 652 multam
631 569 819 649 materiem
845 569 1071 646 haefitatiorris
1101 563 1382 670 diffidentirque
1415 568 1585 672 suppedi.

138 681 202 764 tat.
255 664 427 746 Profecto
444 667 540 768 quod
561 691 680 769 neque
698 671 793 770 apud
813 691 904 760 nos,
932 668 1112 760 Polonos‚
1143 669 1306 768 aliosque
1334 671 1496 747 Slavicos
1515 699 1583 774 po.

137 772 244 874 pulos
264 769 462 848 istiusmodi
483 769 628 844 ethnica
647 789 878 848 monumenta
895 771 1145 868 reperiantur,
1169 772 1386 850 haud'alteri
1407 797 1511 872 quam
1524 777 1582 852 vi,-

140 871 294 972 gilantiae
315 871 519 970 Principum
543 868 577 944 dr
600 869 860 972 Episcoporum
879 871 1080 949 nostrorum
1092 872 1322 950 tribuendum
1333 873 1406 963 est,
1434 875 1498 968 qui
1509 898 1583 950 om.

137 976 195 1050 nia
207 973 242 1048 in
261 968 370 1050 frusla
382 971 417 1047 ἀ
430 973 575 1047 cineres
587 973 825 1071 redigebant,
846 991 1052 1050 retentores
1064 969 1583 1063 etiam,&celatoressulmine

41 1085 46 1090 '
137 1073 380 1151 ecclesiastico
397 1069 598 1170 feriebant,
621 1091 660 1150 ut
678 1096 725 1148 ne
743 1073 858 1150 illicio
876 1071 990 1152 essent
1019 1075 1156 1174 populo
1176 1076 1219 1150 ad
1232 1075 1408 1154 votninnn
1429 1075 1583 1152 aedem,

136 1179 185 1255 di.
260 1172 411 1250 Interim
439 1173 554 1248 libens
586 1171 798 1252 subscribam
827 1175 980 1254 aliorum
1005 1175 1173 1272 judiciis,
1203 1178 1479 1252 fimonumcnta
1506 1178 1581 1252 ban

134 1301 209 1392 uon
234 1274 424 1374 populari,
453 1272 513 1350 sed
531 1271 658 1354 critica
678 1275 815 1354 trutina
835 1278 1033 1356 examinata
1051 1276 1212 1376 legitima
1231 1301 1272 1354 ac
1290 1281 1403 1381 probo
1426 1279 1584 1354 invene«

134 1397 220 1453 rrnt.

246 1579 297 1674 (k)
323 1577 360 1654 Si
380 1578 452 1653 bac
470 1576 630 1652 narratio
650 1577 900 1654 veterioribus
921 1580 1106 1656 memoriis
1133 1575 1282 1668 nititur,
1315 1581 1488 1658 tumultus
1516 1583 1585 1660 lru,

134 1682 193 1776 jus
214 1680 297 1756 anni
316 1677 412 1758 haud
430 1675 489 1750 nlii
511 1673 642 1765 fuere,
669 1702 775 1776 quarn
794 1678 855 1778 qui
884 1680 982 1768 inter
1009 1679 1175 1758 familiam
1210 1675 1528 1760 erlovccianam
1549 1683 1583 1760 dc

139 1782 410 1958 {ambitionum
441 1775 633 1870 exarsere,
666 1777 710 1858 de
729 1779 861 1880 quibus
889 1781 1012 1880 postea
1030 1783 1068 1860 iu
1097 1779 1335 1874 Pretermissrs
1366 1785 1584 1864 mentionem

178 1905 328 1968 cremus,
747 1927 756 1938 ·

248 2081 303 2201 (1)·
322 2081 563 2161 Continuator
588 2079 759 2180 Crngerii
786 2081 877 2160 hanc
907 2083 1045 2198 cladem
1072 2082 1115 2162 ad
1136 2107 1158 2200 9
1180 2081 1400 2199 Novembris
1419 2090 1581 2188 reponit.
1600 2126 1818 2202 emm-„pawn

137 2191 229 2260 Cum
249 2189 417 2273 sontem,
445 2184 545 2296 uude
558 2181 693 2270 haunt,
718 2205 790 2296 non
808 2205 1067 2300 coronaverit,
1088 2186 1164 2286 iple
1184 2185 1452 2300 {ibradseribat,
1481 2191 1584 2268 taho-
1599 2210 1676 2272 Palla.
1691 2215 1820 2296 adpnb.

137 2287 205 2464 <cippi
208 2287 260 2464 iitp1
263 2303 370 2464 rtanta
389 2287 444 2363 rei
464 2284 600 2362 eritrea
622 2301 853 2364 accuratione
873 2286 930 2376 illl.
947 2283 1058 2378 fides,
1079 2309 1181 2387 quam
1199 2292 1370 2390 optabat,
1399 2313 1472 2368 nort
1496 2315 1583 2371 con.
1597 2295 1687 2366 venri.

251 2590 317 2686 (m)
345 2585 465 2692 Judaei
484 2586 593 2666 nostri
617 2584 656 2662 in
676 2583 736 2664 sno
759 2586 978 2664 coemeterio
1001 2589 1309 2666 Vetero-urbenli
1330 2592 1521 2670 ostendunt
1535 2595 1585 2671 la

140 2689 258 2792 pidem
279 2689 553 2791 sepulchralem,
573 2688 743 2782 ancujus
763 2689 858 2764 notis
877 2687 1148 2785 chronologicis
1160 2692 1385 2770 convincere
1402 2694 1582 2788 nituntur,

139 2815 222 2868 eum
239 2791 309 2888 jam
327 2792 429 2870 anuis
451 2809 596 2870 centum
618 2811 701 2867 ante
721 2791 835 2888 vulgo
851 2787 1018 2885 jactatam
1045 2791 1144 2872 vrbis
1172 2793 1311 2868 veteris
1334 2791 1586 2872 exaedificatio-

138 2915 219 2970 nem
241 2895 392 2994 positum
413 2887 539 2984 fuisse,
566 2916 608 2968 ac
628 2890 780 2990 proinde
799 2890 1167 2976 etiamcoemeterium
1180 2890 1337 2989 ipsorum
1358 2897 1417 2972 hie
1437 2897 1585 2992 locijam

138 3011 213 3073 turn
236 2991 418 3074 exstitisse.
487 2989 683 3072 Adduslus
709 2989 762 3068 fui
786 2993 856 3086 jam
882 3011 965 3070 unte
991 3016 1102 3070 autres
1129 2990 1235 3070 facile
1265 3018 1314 3070 20
1333 2997 1376 3072 ad
1394 3020 1477 3074 eum
1495 2999 1586 3099 lapi.

140 3096 219 3170 dem
239 3120 258 3168 a
277 3095 445 3196 supremo
468 3090 660 3193 synagoga
686 3093 885 3196 Magistro,
915 3095 1017 3192 cujus
1044 3113 1175 3200 typum
1204 3095 1338 3180 calamo
1368 3096 1586 3204 descriptum

138 3195 223 3270 nubi
246 3199 352 3275 etiam
368 3194 491 3293 postea
501 3197 705 3272 transmisit.
1092 3263 1094 3268 ,

556 3391 1178 3486 PRAETERMISsm

118 3604 167 3698 ‚1.
249 3597 483 3701 uperioribus
514 3595 654 3674 duobus
686 3598 789 3674 annis
807 3597 926 3674 denuo
952 3599 1076 3676 Slavos
1106 3599 1355 3698 aquilonares,
1384 3623 1582 3699 eorumque

195 3614 246 3782 S
276 3701 478 3799 praecipuos
499 3700 610 3776 duces
631 3699 827 3778 Obotritos
856 3699 1007 3776 multum
1032 3701 1200 3778 molestos
1231 3697 1337 3780 fuisse
1370 3702 1585 3796 saxonibus,
1712 3779 1716 3790 ,

138 3827 218 3880 nam
248 3827 373 3877 ornnes
396 3803 522 3880 harum
540 3800 731 3900 regionum
752 3800 877 3876 Slavos
893 3805 1054 3900 exceptis
1076 3799 1219 3880 Sarabis
1236 3803 1442 3902 dp‘cciffl’ex
1461 3805 1587 3882 Anna..

140 3905 216 3980 lilla
243 3907 383 3979 Saxone
405 3903 558 4002 aliisque
587 3901 886 4000 Chronograpbis
918 3899 1106 3986 discitnus3
1141 3925 1225 3980 num
1246 3903 1281 3980 dc
1300 3904 1355 3980 bis
1378 3905 1587 4004 expeditio-

139 4009 269 4095 nibus,
296 4027 381 4100 quas
404 4005 500 4082 Otto
530 4004 594 4082 lll.
615 4001 789 4080 adversus
808 4025 874 4077 eos
890 4000 1072 4104 suscepit,
1091 4002 1272 4082 boleslaus
1290 4007 1411 4084 noster
1431 4007 1585 4086 auxilia·
1795 4095 1799 4104 ¹

138 4131 213 4184 rem
237 4127 376 4180 suanum
400 4105 617 4202 praebuerit,
645 4103 956 4204 nihilprodirum,
977 4123 1133 4182 atcerte
1156 4131 1249 4184 anno
1260 4106 1435 4206 presente
1456 4109 1492 4184 id
1503 4131 1583 4189 curn
1597 4079 1741 4228 pff&
1758 4085 1821 4235 ⁸¹51:

137 4233 207 4310 per
229 4203 342 4286 filium
365 4201 465 4288 suum
490 4207 743 4308 cognominem
763 4205 963 4286 Boleslaum
980 4203 1258 4310 prestitissetatn
1266 4171 1821 4330 AnnalesHildes-Ajmssssfp'sssssm

1473 4309 1538 4386 lle.
1595 4337 1630 4398 ,Α
1644 4335 1672 4404 ᾗ,
1683 4355 1710 4399 a,
