3894 4800
420 349 473 445 ‘26
619 351 623 358 '
946 345 1118 428 humus
1157 366 1234 450 9⁴2

372 487 573 569 mordecim
592 490 700 594 signis
729 489 863 569 diversi
896 492 1065 570 incuriis
1092 487 1387 593 numophylaciis
1411 487 1668 588 reperiuntur,
1687 507 1822 568 eorum

372 591 512 690 aliquos
532 611 649 692 typos
667 593 736 688 jam
756 591 834 668 orbi
852 591 1003 670 literato
1021 592 1204 669 tradidere
1222 593 1359 693 quique
1391 589 1449 665 rei
1466 587 1823 664 monetariaestudio-

375 690 484 782 dioh,
511 707 637 769 omues
657 691 885 790 &strigosum
921 716 1075 792 quorum
1092 693 1259 793 cognitio
1281 689 1454 768 nanetus
1481 688 1525 764 ad
1543 711 1609 764 uos
1630 687 1820 786 pertigit,

376 788 530 868 excusos
552 792 654 872 dedit
675 787 968 868 Rhamnusia
987 791 1050 872 suo
1067 793 1160 870 libro
1177 789 1393 868 monetario.
1444 787 1528 890 ,Jam
1545 810 1638 863 uero
1651 809 1822 862 cumtres

278 893 281 899 ’
353 958 357 964 .
378 891 510 970 ordine
530 892 593 969 fibi
618 889 854 969 succedentes
880 894 1000 969 Duces
1018 883 1821 971 habueritssohemiuBoluslainomeuseten·¹

172 1955 375 2033 ncnctdfuce

152 2044 376 2121 tcoffltcscbtnt

154 2128 291 2193 cabinet.

152 2210 374 2296 oweptcsstp·

150 2293 238 2377 plem.

376 997 449 1081 tes,
459 1009 596 1106 putrem
608 990 758 1082 scilicet,
768 989 940 1080 silium&
958 1013 1152 1092 nepotem,
1177 1013 1247 1068 nec
1273 1013 1320 1065 eo
1337 989 1451 1066 adhuc
1472 993 1638 1086 tempore
1655 991 1824 1064 usitatum

377 1085 511 1180 fiuent,
532 1109 572 1174 ut
592 1089 677 1168 sese
695 1113 924 1170 numerorum
951 1092 1086 1170 indicio
1111 1093 1400 1193 distinguerem:
1433 1088 1543 1164 hodie
1570 1109 1644 1164 nou
1669 1089 1825 1164 minimae

377 1187 598 1268 difficultatis
622 1194 811 1292 negotium
831 1193 897 1279 est,
915 1191 987 1267 rite
1007 1189 1210 1292 dispescere
1236 1209 1346 1290 atque
1370 1185 1547 1276 definire,
1573 1188 1713 1266 cuinam
1733 1189 1830 1276 isto--

377 1312 456 1368 rum
483 1293 591 1368 trium
611 1291 738 1390 finguli
757 1290 896 1366 denarii
913 1287 1106 1367 deferendi
1116 1293 1197 1368 sint.
1248 1291 1337 1366 flua
1356 1289 1395 1364 in
1418 1309 1461 1363 re
1480 1288 1623 1389 quidem
1651 1313 1734 1366 cum
1752 1289 1827 1366 alia

378 1389 593 1474 discriminis
616 1391 821 1484 adjumenta
842 1389 936 1466 ltaud
963 1388 1173 1492 suppetunt,
1193 1389 1454 1468 recurrendum
1486 1389 1530 1464 ad
1560 1387 1658 1486 ipsos
1675 1391 1826 1468 charae.

378 1508 507 1582 teres,
538 1494 770 1590 signumque,
796 1507 837 1566 ut
856 1512 929 1587 quo
945 1489 1380 1590 hce'simplicioraatque
1399 1487 1545 1563 rudiora
1570 1487 1673 1578 sunt,
1700 1513 1747 1566 eo
1773 1493 1828 1567 nl-

379 1593 466 1682 tius,
477 1609 585 1690 atque
604 1590 649 1666 ud
668 1590 820 1690 primum
829 1587 1053 1682 Boleslaum,
1080 1591 1126 1666 de
1142 1612 1215 1692 quo
1226 1590 1377 1690 ughnus,
1395 1583 1590 1664 reserenda
1608 1588 1826 1683 videantur,

405 1690 679 1768 uemadmodum
697 1683 939 1767 Grossothecae
959 1693 1089 1769 author
1109 1691 1217 1770 etiam
1235 1693 1326 1768 hanc
1345 1689 1356 1764 i
1387 1685 1457 1774 sum
1480 1710 1583 1766 unam
1607 1687 1828 1788 dignoscen-

379 1715 419 1871 ssi
436 1793 612 1872 rationem
633 1783 738 1866 recte
758 1791 973 1890 prehendit,
1003 1814 1153 1892 eamque
1173 1713 1430 1870 P..Aduusus
1461 1789 1573 1866 tuitus
1597 1788 1664 1864 est.
1733 1792 1829 1869 Pec-

384 1893 482 1967 cavit
498 1909 617 1966 tamen
636 1885 878 1968 Grossothecae
896 1894 1024 1968 author
1045 1893 1081 1968 in
1104 1893 1195 1968 hauc
1221 1887 1330 1989 ipsam
1350 1887 1421 1964 ase
1439 1887 1545 1964 latam
1572 1889 1713 1988 legem,
1742 1915 1828 1968 cum

385 1992 475 2068 Tab.
494 1991 662 2068 XXXIX.
680 2015 716 2090 p.
728 1994 801 2076 oua
821 2012 1011 2068 numurum
1033 1991 1316 2095 Bolesluicorum
1334 2009 1451 2088 typos
1470 1988 1578 2066 Num.
1597 2011 1644 2096 35
1656 2047 1668 2082 ,
1681 1994 1730 2088 36
1747 1993 1826 2069 imo

385 2090 487 2192 &37
506 2091 623 2193 eidem
644 2091 935 2168 Boleslao'Saevo
956 2089 1017 2166 seu
1033 2094 1060 2169 l.
1083 2091 1272 2168 vindicare
1294 2086 1464 2164 connisus
1495 2089 1569 2174 est3
1602 2113 1672 2166 uos
1695 2109 1829 2172 contra

385 2215 433 2268 err
457 2191 586 2290 eadem
608 2187 842 2291 dignoscendi
865 2191 952 2292 lege
968 2191 1002 2265 dr
1021 2190 1163 2268 ratione
1180 2191 1324 2264 unicum
1349 2189 1660 2290 deprehendamus
1681 2193 1828 2285 (Num.

337 2347 339 2352 ,
387 2314 438 2395 34
460 2288 661 2378 excusum)
684 2309 852 2388 veterum
876 2287 1123 2367 churudserum
1140 2286 1279 2380 dudtu,
1295 2290 1458 2389 signique
1488 2287 1692 2368 differentia
1716 2292 1831 2389 mojo-

386 2415 465 2472 rem
482 2410 620 2468 aetutem
651 2389 873 2489 spirantem,
898 2413 940 2466 ac
973 2390 1127 2490 proinde
1148 2387 1623 2470 Boleslaorconeedendum.
1683 2393 1833 2492 Nempe

386 2494 503 2572 litere
522 2495 667 2592 penitus
687 2486 862 2568 informes
880 2491 921 2566 ud
951 2491 1171 2570 slavicorum
1189 2486 1436 2566 charadserum
1454 2487 1588 2568 formas
1607 2495 1758 2593 propius
1770 2518 1833 2576 ac·
1921 2578 1923 2590 Ι

388 2593 522 2676 cedunt
537 2609 707 2684 ,nomeu
732 2589 845 2690 ipsum
874 2591 1028 2668 Boleslai
1056 2591 1168 2670 adhuc
1192 2591 1327 2665 slavice
1362 2611 1438 2666 non
1465 2591 1575 2666 latine
1596 2595 1831 2673 terminatum

303 2702 317 2716 '
388 2693 601 2778 exhibetur3
626 2693 695 2767 huc
714 2691 875 2768 accedit:
894 2713 962 2766 uec
981 2693 1180 2792 epigraphe
1192 2693 1228 2766 S.
1245 2689 1557 2780 Wnceslaus,uec
1579 2689 1835 2791 effigiesejus-

390 2785 474 2870 dem
491 2788 632 2886 Sansti,
660 2795 756 2890 quas
774 2787 867 2866 assim
885 2792 1008 2888 possea
1023 2792 1136 2866 nostri
1159 2790 1383 2890 posteriores
1404 2791 1525 2864 Dirces
1548 2789 1586 2862 iu
1617 2793 1835 2892 contignan-

389 2893 445 2972 dis
466 2894 581 2968 uumis
599 2887 669 2984 usu,
688 2891 726 2966 in
767 2915 791 2966 o
809 2911 1016 2990 comparet,
1041 2910 1082 2970 ut
1098 2911 1248 2981 taceam,
1269 2890 1414 2966 modulo
1429 2886 1680 2966 multomsuori
1694 2917 1832 2991 ,usuum

391 2992 512 3072 ceteri
534 2991 686 3068 Boleslsi
713 2991 766 3066 Pii
798 2991 937 3067 denarii
965 2990 1065 3082 sunt,
1094 2989 1275 3070 excusum.
1335 2990 1443 3066 Hunc
1467 2991 1609 3067 unicum
1639 2992 1836 3074 denarium

389 3093 557 3181 Boseslao
587 3089 679 3172 struo
701 3092 887 3168 uindicate
914 3092 1104 3184 nudemus,
1131 3115 1253 3191 quern.
1268 3091 1376 3181 etjam
1388 3092 1519 3268 fimo
1537 3091 1622 3171 loco
1642 3093 1763 3170 noster
1784 3095 1830 3172 P.

278 3253 285 3264 .
392 3189 581 3273 Aduudsus
600 3214 634 3290 p.
658 3201 708 3292 87
724 3189 891 3268 excusum
913 3192 1033 3282 dedit,
1059 3214 1199 3295 nosque
1218 3192 1372 3268 eundem
1412 3186 1581 3270 enuosub
1599 3192 1754 3270 Boleslai
1770 3192 1831 3270 cf-

393 3289 662 3392 figieLediori
690 3293 736 3370 ob
757 3293 882 3382 oculos
900 3293 1055 3377 sistimus.
1111 3292 1283 3393 Reliquos
1308 3293 1420 3383 duos,
1440 3291 1671 3394 quos'etdem
1689 3292 1830 3372 Tabula

394 3391 505 3476 Num.
525 3419 547 3470 2
564 3392 598 3467 dr
618 3413 639 3488 3
658 3391 697 3468 P.
713 3389 901 3470 Adcudius
928 3393 1110 3486 exhibuit,
1137 3395 1271 3472 merito
1302 3395 1610 3492 pretermittimus
1630 3451 1642 3483 ,
1667 3395 1830 3494 quaudo-

394 3494 540 3594 quidem
557 3515 665 3569 nemo
683 3478 792 3569 sacise
806 3492 1022 3586 adducetur,
1040 3513 1080 3570 ut
1105 3495 1168 3572 sthi
1185 3492 1416 3596 persuadeat,
1434 3495 1584 3572 Boleslui
1606 3495 1704 3572 istius
1731 3497 1755 3574 fi
1785 3519 1830 3574 nu
1882 3525 1884 3530 ·

396 3588 491 3685 effe,
509 3593 804 3696 quemadmodum
821 3591 898 3694 ipse
925 3594 970 3682 P..
988 3591 1177 3672 adsumus
1198 3619 1234 3694 p.
1261 3593 1388 3688 114&
1410 3597 1480 3672 116
1506 3591 1722 3694 gravissumus
1752 3517 1829 3672 ssras

395 3694 576 3773 dubitandi
592 3694 754 3774 rationes
769 3694 947 3774 sessorem
967 3713 1041 3772 nun
1059 3695 1209 3776 celavit.
1256 3695 1339 3799 jam
1357 3714 1450 3774 vero
1469 3696 1512 3772 ad
1528 3697 1721 3795 imaginem
1731 3715 1830 3774 utra·

374 3817 472 3895 mue
497 3791 623 3886 fronte
646 3796 783 3874 denarii
805 3791 1000 3893 expressam
1019 3795 1280 3875 deveniamus:
1306 3791 1422 3872 Prima
1446 3791 1569 3872 fronte
1595 3794 1831 3896 representa-

399 3913 460 3980 tur
478 3895 592 3996 pugio
612 3894 675 3972 seu
695 3901 787 3976 ensis
814 3919 893 3973 cum
920 3895 1133 4013 epigraphe·
1166 3891 1374 3972 informium
1406 3894 1653 3974 characterum
1680 3895 1831 3974 BOLE.

26 3938 42 4000 Ἰ
139 4033 143 4048 ·
268 4019 270 4024 ’
399 3994 599 4084 ZLAVffi.
625 3995 756 4076 Ensem
772 4001 869 4076 hune
886 3996 945 4072 alii
963 4019 1031 4096 pro
1048 4001 1184 4078 summe
1202 3995 1345 4072 Ducasis
1367 3997 1554 4096 potcstatis
1573 3995 1608 4072 a
1629 3997 1834 4080 eminentie

400 4095 527 4196 figuo,
553 4097 613 4188 alii
630 4120 700 4198 pro
718 4096 1015 4201 magnanimitatis
1033 4098 1067 4174 δι
1084 4097 1259 4176 bellorum
1276 4097 1413 4174 iudicio
1429 4156 1443 4191 ,
1462 4123 1539 4201 que
1557 4099 1739 4176 Boleslaus
1750 4120 1832 4180 cum

400 4192 646 4299 potentissimo
668 4201 896 4306 Impetttme
914 4195 1084 4310 ‘Ottoae
1098 4199 1151 4285 M.
1175 4217 1244 4302 per
1269 4221 1382 4280 annos
1404 4193 1833 4376 quatuordecimmfclstt,
