3900 4814
393 331 477 424 ist
889 423 892 430 ,
949 315 1123 401 ΑΜ*
1150 325 1230 424 urs

273 569 275 574 Ι
328 495 331 509 ·
364 473 367 484 “
486 457 640 572 iiiiii
658 453 785 545 Cosmi
795 461 937 568 quidem
954 466 1077 543 nostro
1088 461 1363 566 cognoscimus,
1391 457 1830 571 quoipostctqnunrgens

373 569 614 646 Bohernorum
635 572 669 646 S.
681 566 919 644 Adnlbettum
936 565 981 642 ad
999 565 1101 644 suunr
1129 563 1384 667 Episcopatum
1403 565 1525 643 redire
1548 568 1733 652 volentem
1766 589 1832 650 tu.

368 670 471 746 rnido
503 667 596 747 fastu
625 691 667 746 re
694 662 868 758 udisset,
894 666 996 752 illico
1023 666 1260 747 Christtnnus
1288 669 1535 768 Strcchyqucs
1564 666 1832 772 Episcoputunr
1923 749 1924 768 p

368 767 592 872 ’Progeniem
617 693 752 848 omiire
771 766 954 868 coeperit,
981 769 1076 868 quod
1122 767 1240 844 itidem
1258 785 1343 842 onte
1361 768 1579 866 martyrium
1595 768 1835 850 acciditsoltr-
1923 781 1924 800 ¹

371 873 500 948 bentes
520 870 759 954 admittimus,
786 865 981 969 praesestinn
998 891 1079 944 curn
1095 793 1205 970 ‘supro
1224 867 1360 944 relatus
1381 867 1608 968 Biogrcphus
1620 870 1836 951 christet-

371 971 426 1051 iris
443 972 550 1063 dicor,
562 969 778 1074 Progeniem
797 967 1001 1046 cathedram
1016 969 1142 1068 piures
1165 989 1297 1070 procos
1315 966 1351 1044 ἅ
1369 971 1514 1048 nmosios
1533 966 1713 1065 habuisse,
1731 998 1834 1076 quos

371 1074 469 1150 inter
488 1074 706 1176 praecipuum
726 1065 831 1149 fuisse
849 1071 1151 1170 Strochyquorem
1173 1069 1341 1148 dubitare
1359 1069 1454 1147 houd
1476 1069 1592 1154 licet.v
1630 1071 1713 1151 Nec
1729 1077 1830 1153 mui-

373 1192 449 1252 tum
469 1174 576 1254 etiarn
599 1193 806 1276 repugnare
820 1170 941 1262 velim,
960 1169 1219 1274 Strochiquatis
1237 1165 1460 1246 electionem
1475 1171 1625 1273 (populi
1636 1171 1824 1276 suffragio,

373 1293 415 1353 ut
431 1274 512 1352 ttrlt
530 1273 696 1356 cosmas.
716 1269 869 1376 susum)
883 1271 955 1368 juro
974 1274 1046 1350 hoc
1062 1291 1156 1350 anno
1175 1291 1259 1350 onte
1277 1273 1325 1369 2'3
1347 1269 1551 1386 Aprilisnc
1569 1275 1724 1374 proinde
1735 1295 1823 1354 onte

370 1367 1058 1578 rurrcrsurttruu
1077 1369 1827 1575 rrrrrrruurtunrurr

370 1578 598 1656 ¹ethnicarum
618 1573 805 1656 transiisse.
853 1578 909 1654 At
927 1593 969 1652 ut
987 1577 1241 1675 Strrchyquss
1252 1591 1337 1650 onte
1355 1575 1570 1673 martyrium
1587 1577 1825 1655 &tidelior-

371 1679 486 1776 tijorn
507 1679 637 1757 annulo
661 1680 695 1756 ἀ
716 1677 810 1782 pedo
838 1679 882 1755 rb
906 1675 1052 1755 Ottone
1083 1676 1142 1757 lii
1163 1673 1359 1754 investitus
1394 1672 1531 1768 suerit,
1555 1691 1665 1778 utque
1696 1675 1818 1778 ipsum

370 1780 611 1882 Mogontinus
627 1777 873 1882 Archipraesul
891 1779 937 1856 nd
956 1777 1067 1856 ritum
1087 1774 1369 1854 consecrationis
1387 1774 1592 1868 admiserit,
1616 1777 1735 1854 nnius
1748 1781 1823 1856 rni-

369 1879 409 1957 hi
427 1878 648 1982 persuadeo,
665 1882 845 1984 mustoque
860 1879 1269 1957 rnomcntocontrariunr
1285 1895 1448 1958 monent.
1505 1877 1657 1957 Cosmns
1674 1879 1820 1982 quidem

369 2001 439 2059 tam
461 1983 630 2062 ambitum
658 1981 934 2084 Struhyquaris,
962 2003 1067 2082 quarn
1096 1977 1172 2075 ejus
1200 1973 1418 2056 electionem
1445 1975 1483 2055 st
1508 1977 1821 2060 consecrationem

367 2107 444 2160 uno
467 2081 594 2185 spiritu
615 2103 700 2160 aute
718 2083 935 2182 martyrium
952 2085 986 2160 S.
998 2079 1191 2156 Adclberti
1210 2097 1376 2170 enarrat,
1403 2077 1465 2156 sed
1475 2077 1567 2158 istud
1578 2083 1674 2160 htuti
1682 2081 1819 2162 Cosmae

365 2181 605 2286 infrequens,
626 2201 668 2262 ut
690 2183 842 2261 diversis
859 2181 961 2258 annis
978 2180 1278 2282 temporibtutpuo
1293 2179 1473 2280 gestarunt
1497 2187 1821 2262 rerumnsrrntio·

367 2307 452 2362 nenr
473 2309 551 2363 runo
568 2283 629 2362 filo
649 2281 832 2375 absolvor,
858 2279 1124 2384 principiisque
1138 2281 1260 2361 exitus
1280 2300 1467 2384 opponat,
1484 2283 1540 2362 uti
1556 2283 1627 2382 jorn
1657 2286 1740 2362 nlius
1759 2286 1814 2361 vi·

368 2387 504 2478 dimus,
524 2385 560 2462 st
583 2409 697 2487 porto
717 2384 880 2462 crebrius
901 2379 1016 2462 uisuri
1036 2381 1170 2461 sumus.
1210 2382 1317 2462 .Non
1346 2385 1462 2462 multo
1482 2385 1605 2487 prius,
1625 2405 1682 2462 rut
1729 2407 1815 2462 unni

369 2487 403 2566 S.
433 2487 654 2568 Adulberrus
681 2481 896 2565 tronfiviisct
928 2484 967 2562 in
982 2481 1170 2576 Prusiiom,
1190 2479 1307 2561 ruilios
1334 2484 1378 2562 ab
1395 2507 1447 2561 eo
1463 2509 1512 2564 ex
1538 2488 1687 2564 Polonin
1726 2481 1817 2564 uisse

367 2591 522 2667 nuncios
539 2592 577 2668 in
590 2589 796 2666 Bohemiout
806 2637 819 2680 ,
839 2588 1020 2690 qucfiturn
1040 2609 1125 2664 uum
1148 2582 1186 2661 se
1201 2585 1244 2694 in
1264 2583 1517 2688 Episcopatum
1536 2585 1719 2689 suscipere
1736 2587 1818 2666 vei-

367 2692 466 2782 lent,
484 2710 587 2768 anteo
611 2713 658 2766 ex
682 2691 890 2790 Biogropho
909 2689 1086 2787 legimus,
1113 2709 1188 2786 quo
1206 2703 1372 2788 ternpore
1392 2691 1640 2787 Strachyqnos
1663 2691 1694 2767 E
1722 2690 1818 2767 isco·

394 2817 434 2869 us
455 2793 569 2868 adhuc
590 2789 728 2866 elesius
758 2812 832 2866 uon
861 2785 962 2877 suit,
989 2811 1069 2863 uum
1099 2807 1286 2864 vocantem
1313 2787 1427 2866 adhuc
1453 2810 1526 2867 tum
1553 2785 1658 2878 fuisse
1692 2715 1819 2870 sedem

367 2817 462 2971 Haud
486 2889 638 2966 obscure
656 2889 774 2968 innuit
793 2889 889 2965 idern
905 2887 1154 2988 Biogruphus,
1182 2889 1265 2968 dum
1290 2889 1340 2967 nit
1369 2913 1444 2969 ern
1472 2889 1596 2992 piures
1624 2895 1818 2990 procos&

368 3009 546 3070 amotores
567 3011 771 3067 numerare.
826 2989 872 3062 Et
916 2985 1106 3064 rofectofi
1132 2991 1167 3072 S.
1191 2989 1413 3069 Adslbertus
1433 2987 1662 3091 comperisset
1687 2996 1816 3097 (quod

365 3091 511 3194 quidem
529 3112 613 3166 erun
632 3109 695 3164 ortt
714 3103 818 3165 certe
837 3011 1038 3166 Boseslstrnn
1055 3087 1255 3181 Polonum,
1273 3093 1370 3192 opud
1390 3115 1496 3196 quern
1513 3095 1743 3187 morabatur,
1762 3097 1813 3172 ln-

365 3211 448 3266 tere
472 3189 566 3266 houd
587 3190 708 3290 potuit
721 3199 739 3288 j
758 3216 778 3268 n
796 3189 1045 3286 Bohernisjonr
1063 3189 1169 3268 ulium
1187 3190 1808 3294 Episcopunetettunfuitse‚1mn.

366 3314 471 3392 qutun
493 3292 633 3392 legatos
651 3293 695 3368 od
713 3291 917 3370 Bohernianr
934 3287 1098 3370 missurus
1113 3287 1237 3370 suisset
1260 3295 1465 3395 quesitum,
1494 3319 1580 3376 nunt
1604 3293 1642 3374 se
1667 3295 1803 3372 uellent

365 3394 560 3496 recipere,
587 3415 657 3470 nec
678 3418 771 3471 vero
787 3395 902 3495 legati
933 3395 1088 3471 reduces
1119 3391 1303 3474 oeiosscut'
1317 3398 1424 3496 preci
1453 3421 1531 3477 uum
1559 3395 1713 3487 cousins,
1739 3417 1803 3472 cur

365 3497 515 3573 Boherni
533 3517 615 3573 eunt
634 3495 786 3598 amplius
807 3493 989 3598 suscipere
1006 3494 1100 3574 haud
1114 3490 1276 3596 possent,
1302 3521 1384 3574 cunr
1408 3423 1501 3606 iiius
1519 3498 1719 3602 Episcopus
1744 3519 1810 3575 ec·

363 3598 476 3675 elefiae
497 3598 664 3700 Progensi
684 3595 881 3698 praesesius
894 3599 965 3691 jour
984 3597 1040 3680 fist
1092 3599 1129 3675 Si
1149 3596 1270 3700 itaque
1290 3600 1541 3699 Strtchyquns
1567 3621 1653 3678 onte
1667 3617 1811 3702 marty-

283 3747 285 3754 ·
361 3700 456 3776 riutn
475 3703 506 3776 S.
520 3699 713 3777 Adciberti
729 3695 870 3776 elesius
890 3696 984 3789 suit,
1011 3717 1086 3775 non
1102 3699 1206 3799 prius
1222 3697 1261 3776 id
1279 3696 1435 3790 sosium,
1455 3723 1561 3879 plussin
1581 3701 1812 3818 posilegnto-

170 3840 182 3855 =
303 3853 305 3858 ,
362 3823 440 3876 turn
460 3799 602 3878 illorunr
620 3801 806 3888 redituro,'
824 3797 859 3876 ἃ
876 3799 1144 3876 verosimillime
1162 3799 1390 3902 posteaquam
1413 3801 1465 3878 Bo
1492 3825 1582 3881 emus
1615 3825 1694 3898 cJus
1713 3823 1812 3884 tran

361 3903 449 3979 situs
467 3899 510 3976 od
527 3903 688 3980 ethnicas
708 3922 839 4002 gentes
856 3897 1079 3979 innotuisset.
1137 3901 1194 3980 At
1209 3901 1435 3980 munuulo&
1452 3903 1580 3981 baculo
1598 3903 1812 3984 investitum

361 4005 403 4080 nb
425 4002 571 4082 Ottone
588 4005 654 4082 Ill.
671 4005 829 4105 denique
848 4003 893 4082 od
912 3999 1222 4081 consecrationem
1239 3997 1418 4082 admissum
1437 4003 1597 4084 dicamus
1619 4007 1814 4125 osiogun-

359 4104 439 4182 tino
457 4122 541 4181 ante
560 4105 785 4205 Martyrium
794 4107 827 4186 S.
841 4095 1097 4196 Adolberti‚id
1106 4105 1252 4207 quidem
1271 4103 1406 4184 sumine
1425 4104 1643 4186 incredibile
1652 4109 1742 4188 mrsu
1752 4133 1814 4188 vr.

361 4207 482 4284 detur.
535 4204 638 4290 auis
654 4206 749 4284 enirn
766 4205 829 4284 sibi
845 4203 1057 4306 persuadent
1074 4207 1117 4285 ab
1136 4205 1355 4287 Ottonelss.
1367 4203 1632 4287 similiorissimo
1651 4209 1815 4383 SbAan-

1698 4334 1759 4385 er-
