3894 4800
712 343 960 428 dotatae!
985 369 1022 432 t·
1633 411 1636 422 .
1723 422 1727 430 ,

3 468 35 562 Ϊ
144 507 229 572 tear
255 485 348 570 suan
364 485 525 570 redierat
549 477 672 591 Otto)
694 487 934 568 concedamus
952 487 1062 574 eruor
1088 482 1271 588 subreguli
1295 483 1395 566 istius
1415 365 1620 600 perinzam
1685 509 1690 518 ·

141 613 229 670 rnox
254 592 549 678 commodatuma
584 585 812 692 conscriptus
827 589 961 690 ‚itaque
989 585 1051 666 seu
1080 605 1303 672 convocatus
1335 603 1520 670 exercitus
1541 605 1589 664 ex

140 688 282 785 nanu,
298 691 517 794 Thuringia,
542 690 764 786 &Saxooim
789 691 993 790 designatus
1013 685 1116 794 AEfic
1133 685 1466 792 supremusmilitia
1490 685 1590 788 prin·
1694 771 1698 779 ,

141 815 252 894 cepa,
271 793 335 895 qui
354 796 479 896 postea
492 793 532 870 iu
551 793 755 870 Bohemiura
774 791 931 892 irrupit,
954 789 1311 877 ibidem.Bolealaum
1326 787 1500 882 'cecidit,
1527 783 1591 902 sed

139 897 229 974 mox
246 890 393 974 fortuna
411 893 667 993 benigniorem
686 892 823 972 uultum
846 909 1023 990 vertente
1045 919 1124 972 cum
1142 895 1236 975 unrui
1247 893 1444 991 exercitu,
1471 905 1511 965 ut
1531 909 1587 966 ru·

80 1075 93 1090 ,
141 993 224 1094 quit
238 991 674 1086 Witichinduudeletut
696 992 763 1068 est.
823 990 1062 1098 ιῙιιιιιΟιιοιιὶ
1083 992 1130 1070 de
1148 992 1297 1094 penitus
1311 985 1589 1068 ιιοιοιοιιῖειίΡ

141 1093 265 1172 hendo
299 1096 471 1172 exercitu
516 1117 535 1168 a
588 1093 694 1170 udum
740 1109 842 1183 erat,
880 1089 1077 1196 prasertim
1129 1115 1212 1172 auur
1233 1089 1475 1191 .Courpilator
1509 1087 1599 1196 ipsq-

4 1231 5 1234 ι
142 1215 193 1274 ex
210 1195 399 1274 Chronico
418 1195 525 1270 Maur
543 1192 675 1272 eldenfi
695 1189 732 1268 dt
750 1191 1018 1272 Weleslavioo
1037 1192 1161 1271 nostro
1181 1192 1405 1271 convincere
1427 1190 1585 1290 nitatur,
1620 1183 1690 1252 dtu.
1702 1200 1821 1276 ow·

144 1313 196 1372 ue
213 1293 486 1393 mumqutuem
504 1293 654 1372 militem
673 1292 915 1397 ottonianum
937 1293 1022 1372 huie
1047 1293 1139 1372 cladi
1157 1291 1383 1392 superstitem
1406 1286 1588 1386 mansisse,

3 1423 6 1432 ι
144 1391 338 1510 professus
358 1415 474 1472 novara
489 1389 622 1472 militiae
639 1396 722 1470 Dux
742 1393 1004 1497 Herimaunua,
1026 1395 1091 1494 qui
1117 1387 1291 1494 ingressus
1317 1390 1587 1475 Bohetuiam&
1655 1453 1659 1460 .

140 1491 221 1594 epse
240 1490 433 1575 vidiorianr
456 1521 477 1572 u
500 1487 667 1572 Bosesluo
684 1497 913 1594 reportavit,
932 1494 994 1578 sed
1016 1491 1222 1576 Ekkihatdo
1247 1491 1393 1574 niunium
1419 1488 1591 1596 qudadier

140 1617 224 1674 cunr
248 1596 385 1679 robore
403 1595 590 1672 exereitus
618 1592 652 1670 se
672 1595 838 1694 periculo
869 1612 1103 1697 exponente,
1133 1619 1175 1672 ac
1214 1609 1404 1696 rropterea
1429 1617 1449 1676 a
1471 1593 1588 1676 milite

137 1685 940 1776 Boletiaieireurafitsoacadintemecionem
952 1695 1077 1777 deleto
1097 1719 1177 1774 uum
1189 1619 1336 1778 (guone
1351 1693 1389 1773 io
1401 1694 1589 1780 saxoniam

139 1793 267 1874 redire
284 1792 438 1874 eureuu
457 1797 522 1874 est.
599 1795 767 1898 Denique
785 1798 877 1882 'Rex
909 1797 966 1899 (ut
994 1795 1109 1888 verba
1140 1793 1368 1874 Witichindi
1399 1794 1587 1898 repetem)

139 1897 226 1997 caesu
257 1893 400 1992 bustim
421 1895 651 1978 multitudine
669 1895 714 1979 ΕΤ
733 1902 863 1982 ceteris
880 1897 1080 1999 (Bohetnit)
1105 1894 1316 1980 tributariis
1330 1898 1446 2000 fassis
1464 1921 1589 1978 reuer-

125 1999 192 2100 fis
212 1999 258 2096 est
277 2001 320 2075 in
340 1997 550 2088 Suetonium,
570 1995 674 2106 idque
698 2015 747 2090 25
767 1997 1003 2112 Septembris.
1057 1997 1158 2080 (duis
1174 1995 1347 2097 prudens,
1375 1997 1439 2075 niu
1459 2016 1586 2083 omues
1737 2053 1753 2058 „

135 2096 291 2178 Ottouis
308 2097 442 2178 militer
459 2100 575 2178 alatos
595 2113 656 2175 aut
678 2097 949 2178 Deucalronaeos
969 2091 1072 2180 fuisso
1093 2093 1262 2196 effingat,
1290 2097 1353 2180 subi
1373 2095 1585 2196 persuadeat

134 2215 206 2276 taur
224 2198 364 2298 loug'uu
377 2223 421 2277 ua
445 2200 601 2286 itinera,
622 2197 807 2278 exercitus
827 2199 970 2299 penitus
990 2197 1104 2278 deleti
1124 2197 1417 2298 reparationem,
1442 2215 1501 2273 tot
1519 2219 1586 2278 ue„

40 2299 49 2308 '
137 2291 305 2376 cesetius
321 2225 480 2376 besliuou
493 2317 686 2400 apparetur
704 2295 740 2376 dt
757 2318 1002 2394 commeatus,
1018 2299 1105 2382 durs
1124 2300 1270 2401 iriquum
1295 2297 1518 2411 irruptiones
1546 2299 1586 2379 iu

139 2393 360 2489 Bohemium,
379 2417 534 2499 quatuor
555 2398 675 2478 eludes
692 2397 786 2480 intra
804 2422 855 2496 50
873 2401 1016 2504 aliquot
1034 2400 1172 2478 dierum
1190 2399 1343 2500 spatium
1362 2416 1584 2500 contingere

136 2489 320 2598 potuisse,
336 2498 409 2578 ‘unu
428 2497 624 2598 prasertim
642 2500 889 2599 temporibus,
908 2501 1037 2602 quibus
1056 2521 1162 2582 uuam
1183 2497 1332 2583 subinde
1348 2499 1485 2584 cladem
1501 2501 1584 2614 plu*

135 2595 231 2672 rium
254 2619 429 2676 annorum
457 2598 675 2682 armistitium
706 2602 790 2701 post
816 2599 854 2680 se
881 2595 1024 2680 traxisse
1049 2600 1216 2700 legimus.
1294 2599 1436 2684 Merito
1469 2599 1584 2707 igatut·

134 2697 230 2776 hanc
249 2695 364 2778 binum
383 2696 499 2776 AEsici
519 2697 553 2776 du
572 2698 785 2778 Herimanui
813 2703 851 2778 in
881 2699 1087 2787 Bohemiatn
1119 2699 1465 2802 expeditionemiu
1491 2701 1583 2776 duos
1608 2736 1613 2746 ·

64 2879 76 2896 ,
135 2819 249 2875 annos
282 2794 552 2897 dispescamus,
571 2800 733 2899 priorem
760 2823 808 2878 ue
825 2825 919 2879 arrno
938 2799 1140 2904 superiori,
1155 2801 1397 2904 posteriorem
1417 2799 1603 2902 presenti?

132 2897 184 2974 illi
214 2896 378 2988 avimus,
405 2921 477 2982 neu
507 2901 553 2988 ad
578 2921 708 2978 ιιιιιιιιι
736 2825 962 3003 superiorem
989 2902 1239 3017 936'aliquam
1270 2903 1448 2981 rationem
1473 2903 1581 3000 hujus

129 3019 179 3076 no
229 3022 257 3080 e
279 2997 489 3098 partitionis
507 2999 750 3092 reddidimus,
766 3003 864 3102 quod
883 3003 1016 3104 cuique
1036 3009 1211 3082 attentatus
1231 3001 1508 3088 Witichiudum
1524 3003 1582 3080 le.

135 3100 238 3211 gerni
262 3098 302 3182 in
328 3099 488 3198 proclivi
515 3095 677 3182 futurum
697 3101 1003 3198 judicaverimus,
1035 3105 1170 3190 nehus
1201 3103 1287 3182 duas
1321 3102 1604 3204 expeditiones·

136 3217 176 3312 ιιι
201 3216 274 3302 tarn
298 3199 471 3314 attiguum
508 3203 686 3302 temporit
715 3199 868 3302 spatium
901 3203 1136 3292 coaudiaret3
1178 3226 1395 3308 quanquam,
1428 3223 1470 3290 ut
1496 3226 1582 3298 unte

131 3317 202 3392 Jatn
239 3319 486 3394 memrurmua,
520 3298 704 3382 adversari
741 3304 778 3382 ei
802 3302 982 3398 nolimus,
1011 3305 1076 3406 qui
1105 3303 1257 3398 senserit
1288 3323 1477 3408 utramque
1505 3310 1579 3386 hoe

131 3395 211 3574 isso
248 3397 422 3498 presente
469 3423 565 3478 anno
600 3421 678 3505 937
711 3399 928 3508 contigisse,
957 3407 1119 3490 alteram
1152 3404 1293 3492 scilicet
1318 3407 1437 3508 primo
1463 3430 1581 3509 vere,

165 3515 280 3578 teram
315 3497 438 3580 adulto
470 3519 662 3593 autumno,
694 3522 737 3581 ut
773 3503 971 3606 prasertim
1006 3509 1213 3606 repetundo
1245 3507 1427 3596 exercitui
1460 3529 1581 3596 novo.

127 3621 202 3698 que
236 3596 498 3680 conscribendo
527 3600 579 3680 sat
606 3601 785 3708 superque
812 3607 989 3708 temporis
1017 3605 1153 3688 Ottoui
1177 3629 1226 3686 ex
1252 3607 1451 3708 prudentie
1486 3609 1581 3712 legi-

130 3697 197 3774 bue
223 3699 455 3786 concedatur.
546 3701 595 3780 Et
625 3727 720 3784 ueto
755 3707 783 3786 si
816 3727 975 3808 uterque
1010 3705 1197 3784 sententia
1232 3703 1360 3784 nostrae
1395 3709 1580 3812 impugna.

126 3815 192 3878 tor
237 3795 487 3902 subsequentia
530 3801 762 3894 Witichindi
815 3811 928 3890 verba
976 3807 1023 3886 de
1070 3805 1278 3909 irruptione
1320 3807 1577 3914 Hungatormu

3 3959 5 3964 .
123 3897 238 4001 pauso
286 3897 342 3977 0st
359 3899 555 3984 consecuta
573 3905 700 4004 majori
727 3905 1057 4012 circumspediione
1081 3901 1330 4010 expendisset,
1352 3910 1576 3998 animadver-
1721 3999 1726 4010 ,

124 3991 225 4078 tiiset
247 3924 363 4092 issico,
379 4003 470 4080 haut
487 4001 583 4088 dieta
599 4005 684 4091 VII,
700 4006 777 4124 lsai,
794 4007 972 4124 Odiobris
987 4031 1061 4088 ιιοιι
1078 4011 1123 4088 ad
1143 4007 1320 4110 priorem,
1337 4009 1400 4090 sed
1424 4011 1578 4116 presen-

121 4115 198 4180 tem
218 4123 355 4219 aunum
375 4099 567 4204 spediare,
586 4129 629 4189 ae
653 4109 812 4208 prounde
830 4107 925 4189 rdem
943 4109 1171 4200 Witichindi
1187 4110 1448 4202 tessimonium,
1477 4114 1578 4216 quod

121 4219 283 4308 uterque
312 4224 354 4284 ιι
371 4199 484 4289 cause
509 4225 578 4292 tue
599 4201 852 4294 sudcimeutum
883 4211 1100 4312 adduxerat,
1131 4212 1197 4298 subi
1231 4214 1404 4402 eutition}J
1412 4212 1571 4308 adferre.

734 4341 736 4348 ’
1015 4357 1019 4374 ·
1404 4337 1461 4396 ιιιι
