3914 4822
425 347 520 431 '334
667 326 670 334 ¹
960 317 1153 428 Annus,
1170 343 1260 434 989.
1312 275 1315 282 Δ

392 469 440 556 do
463 493 534 552 tam
556 471 694 553 diversa
703 473 919 576 temporum,
939 475 1296 567 ciocumslantiarum,
1307 476 1542 579 locorumque
1567 491 1775 566 momenta,
1806 475 1845 554 dc

392 576 600 692 cumprimis
612 575 779 653 diuturna
789 576 987 654 Volcholdi
1004 576 1193 656 infirmitas
1210 577 1248 654 in
1268 577 1483 655 subitaneam
1499 593 1651 652 mortem
1681 577 1860 654 Stracbi--
1942 599 1943 604 ‘

393 695 511 779 quatis
531 700 685 776 eamque
706 695 777 754 tam
797 677 996 777 tragicam,
1013 678 1069 755 uti
1096 677 1263 754 anostris
1283 677 1518 768 describitur,
1546 677 1695 753 ambre
1733 696 1843 753 orue-

394 779 483 855 rint.
532 779 603 856 Sed
622 777 709 878 quid
725 778 781 854 his
799 777 903 854 tricis
922 797 985 854 aut
1007 779 1348 880 perpurgationibus
1373 802 1465 881 opus
1487 777 1551 856 est.
1601 701 1731 852 Aliurl)
1740 801 1841 878 ego,

393 879 593 978 &quidem
611 874 838 956 certissimum
860 879 967 972 hujus
985 876 1118 956 fabellae
1129 929 1139 964 ‚
1150 881 1245 986 quod
1254 878 1479 974 Christannus
1490 874 1844 984 Strachiqttasodae-

353 1062 357 1068 ,
393 982 697 1094 morresttffbcatus
716 980 879 1056 creditus
896 977 1075 1056 hactenus
1095 978 1229 1071 fuerit,
1248 980 1465 1080 principium
1488 976 1693 1068 ostendam,
1717 979 1842 1058 osteu-

396 1082 474 1158 dam
492 1101 637 1180 mquam
655 1077 717 1154 seu
736 1078 940 1180 professam
956 1103 1006 1157 ex
1023 1079 1213 1158 scribarum
1242 1079 1430 1158 oscitantia
1457 1096 1519 1156 aut
1545 1077 1751 1179 imperitia,
1776 1080 1842 1182 qui

393 1177 554 1263 Cosmam
575 1177 862 1280 exscripserunt,
884 1180 947 1258 seu
967 1197 1069 1258 certe
1088 1203 1134 1256 ex
1152 1181 1393 1279 posteriorum
1415 1177 1642 1279 ignorantia,
1662 1179 1722 1280 qui
1731 1181 1842 1280 sigui·

393 1279 599 1361 ficationem
619 1282 724 1357 vocis
748 1282 974 1371 daemonium,
1026 1307 1104 1358 uam
1124 1279 1256 1358 Casmae
1285 1297 1389 1357 aetate
1418 1279 1561 1368 habuit,
1595 1303 1670 1354 non
1692 1280 1839 1358 intelle-

392 1395 538 1459 herunt.
590 1383 651 1458 Ac
668 1382 822 1481 proinde
845 1381 922 1476 ajo:
945 1307 1105 1458 Colman
1133 1381 1179 1457 de
1201 1381 1406 1458 Christauni
1430 1379 1688 1478 Strachiquatis
1715 1403 1837 1458 morte

394 1495 520 1558 veram
540 1481 576 1558 a
593 1483 763 1561 sinceram
799 1481 980 1559 historiam
1009 1476 1257 1572 transmisisse,
1293 1479 1432 1558 scilicet
1449 1503 1529 1556 eum
1547 1477 1718 1558 lethifera
1735 1505 1839 1581 para-

391 1577 486 1680 lysi,
514 1605 619 1682 quam
639 1583 752 1682 vulgo
770 1581 880 1658 hodie
900 1583 1148 1660 siderationem
1167 1581 1201 1658 dt
1219 1583 1442 1683 apoplexiam
1453 1581 1756 1672 dicimus,subito
1772 1605 1841 1660 ex·

392 1681 574 1760 stiudhrm.
627 1682 770 1760 Cosmas
791 1681 950 1784 nuspiam
969 1684 1057 1760 dicit
1076 1683 1359 1786 Strachiquatcm
1377 1709 1397 1760 a
1422 1682 1595 1760 demonio
1615 1682 1716 1759 humi
1732 1681 1839 1758 eous-
1942 1717 1943 1758 ÷

392 1807 467 1883 que
490 1782 740 1873 tortum,duru
767 1784 917 1860 animam
944 1780 1112 1875 efflasset,
1139 1784 1433 1898 quemadmodum
1462 1783 1683 1883 posteriores
1698 1783 1734 1860 id
1755 1806 1838 1861 cum

390 1887 561 1981 Hagecio
579 1875 868 1986 exaggerarunt,
896 1884 958 1962 sed
974 1887 1088 1962 verba
1107 1885 1204 1970 illius
1223 1883 1323 1962 suut:
1339 1885 1580 1988 prosternitur
1596 1885 1837 1984 irpaedimr-

392 1989 529 2085 rpitrrr
542 1992 661 2062 atroci
679 1985 866 2077 dcanronio,
891 2000 972 2087 tpuae
991 2008 1105 2061 voces
1122 1983 1225 2084 ipsa,
1251 2011 1292 2062 ac
1301 1981 1830 2084 prasertimatJecbvumarro·

284 2143 290 2164 Ι
392 2091 449 2175 ci,
480 2087 655 2184 quendam
672 2091 832 2164 morbum
854 2109 1014 2161 atrocem
1032 2086 1067 2164 dt
1086 2085 1338 2175 suffocantem,
1358 2110 1432 2187 quo
1448 2107 1617 2184 arreptus
1651 2082 1718 2164 suit
1735 2087 1833 2159 Stra·

319 2235 322 2244 ,
392 2184 539 2285 chiquas
558 2185 734 2278 innuunt,
755 2185 858 2262 secus
874 2187 969 2260 enim
985 2209 1057 2285 pre
1084 2187 1237 2264 ositioue
1256 2215 1278 2262 a
1298 2188 1362 2263 vix
1381 2187 1559 2262 abstinere
1578 2180 1747 2286 potuisset
1761 2187 1836 2259 Co-

348 2289 351 2294 “
390 2283 504 2376 smus,
530 2291 725 2388 arripiantur
742 2293 832 2364 enirn
847 2290 965 2362 atroci
982 2211 1124 2380 morlo,
1151 2305 1280 2367 contra
1297 2291 1493 2388 crapulatur
1519 2284 1581 2361 seu
1602 2283 1732 2359 melius
1753 2311 1836 2360 cor·

389 2391 542 2488 ripimur
564 2387 761 2482 afldaemone
780 2383 842 2465 seu
868 2385 1054 2464 daemonio.
1109 2389 1242 2466 Quare
1261 2392 1331 2466 hoc
1354 2389 1437 2464 loco
1458 2384 1588 2463 Cosina
1606 2383 1835 2460 emendatior
1941 2391 1943 2446 ἑ

355 2577 359 2586 ,
389 2487 609 2565 restituenda
633 2487 767 2566 lessiot
785 2491 1026 2592 prosternitur
1054 2493 1092 2564 in
1111 2491 1248 2577 medio,
1276 2493 1457 2589 arripitur
1485 2491 1602 2564 atroci
1631 2487 1831 2574 demotino,

390 2611 495 2688 quam
514 2591 767 2691 peregrinam,
788 2591 1032 2690 medicamque
1050 2614 1181 2667 vocem
1198 2613 1276 2666 curn
1285 2592 1474 2688 ignoraret
1490 2589 1638 2680 inscitus
1657 2585 1831 2664 tramam
1940 2631 1942 2694 ;

326 2707 329 2712 “
389 2689 620 2781 tor'Cosinae,
646 2691 708 2768 a'ut
733 2703 841 2769 ‘certe
869 2689 1053 2789 largientes
1078 2693 1266 2790 minusque
1288 2690 1351 2765 fibi
1377 2689 1540 2788 cognitas
1558 2689 1683 2766 literas
1699 2689 1831 2788 depre-
1940 2729 1942 2766 5

389 2791 589 2880 henderet,
609 2787 786 2870 substituit
806 2792 1011 2868 simillimam
1031 2792 1064 2866 dt
1082 2791 1146 2866 fibi
1165 2787 1374 2866 notissimam
1391 2813 1522 2867 vocem
1541 2791 1708 2868 dononio.
1758 2787 1830 2866 Pet

386 2896 618 2972 Demaratum
634 2913 757 2968 autem
774 2893 826 2967 nil
843 2891 937 2966 aliud
961 2891 1145 2991 intellexit
1172 2889 1343 2980 Cosman,
1371 2915 1479 2990 quam
1498 2911 1660 2968 atrocem
1681 2885 1828 2970 lethife-

388 3011 539 3089 tamque
556 2993 769 3090 paralysim,
788 3015 891 3092 quam
912 2991 1050 3066 Medici
1073 2989 1260 3094 syncopen
1277 2993 1467 3085 lethalem,
1485 2995 1619 3094 vtdgus
1642 2993 1830 3082 fidenatiu-

381 3095 472 3167 'nem
491 3091 771 3190 &apoplexiam
799 3109 955 3180 vocant,
982 3091 1020 3168 id
1030 3091 1127 3168 enim
1153 3117 1231 3173 uox
1255 3095 1469 3177 Dcrrrotinas
1485 3097 1608 3172 medio
1625 3094 1747 3170 aevosr
1775 3093 1828 3170 ui-
1892 3159 1896 3169 .

178 3187 232 3254 Du
243 3179 340 3289 thsnt
352 3187 539 3283 faueant,
567 3212 609 3267 ut
624 3194 681 3268 Du
704 3189 839 3270 Fresue
856 3187 1080 3270 iuGlollario
1097 3191 1161 3270 sno
1178 3197 1249 3272 ait:
1277 3196 1512 3287 Dentatinus,
1528 3197 1667 3297 inquit,
1697 3117 1827 3296 estlap-

156 3273 293 3374 ,otofflrp
316 3293 462 3394 ‘’⁰⁶‘'firt',
487 3292 630 3394 quando
649 3295 730 3394 quis
747 3310 867 3370 morte
883 3295 1075 3394 repentina
1092 3296 1273 3374 obruitur.
1300 3295 1397 3370 Idem
1409 3299 1517 3373 habet
1534 3298 1725 3374 Rocbuslc
1737 3297 1830 3382 Bais-

157 3359 337 3429 v‘m’m
384 3391 435 3472 lif
449 3395 488 3471 in
508 3391 778 3502 Didlionariolo'
797 3395 1027 3496 Spagyrico,
1063 3397 1146 3473 Rol.
1162 3393 1329 3501 Johnson
1354 3396 1488 3500 aliique
1510 3398 1651 3475 Medici
1667 3397 1828 3476 Lexico-

412 3497 527 3599 taphi.
559 3536 564 3544 ·
599 3493 676 3576 Nili
696 3499 819 3576 dicere
834 3497 997 3573 malimus
1017 3497 1179 3575 Cosmam
1202 3521 1332 3576 vocem
1350 3497 1516 3576 daenaorrio
1543 3522 1612 3598 pro
1639 3498 1825 3577 demotiuo

382 3517 419 3678 l:
444 3597 622 3696 ejusmodi
641 3593 799 3701 syniope
814 3598 940 3675 lethali
956 3596 1175 3690 adhibuisse,
1204 3619 1433 3681 namcertum
1454 3595 1826 3702 estihiusursequen-

384 3717 424 3779 te
443 3697 570 3776 saeculo
597 3719 729 3778 vocem
753 3701 1003 3779 Dammana
1029 3700 1116 3778 item
1140 3701 1291 3802 phrasim
1316 3700 1574 3778 aDaemonibus'
1594 3704 1729 3792 teneri,
1756 3725 1826 3801 pro

383 3801 616 3903 paralytico,
642 3801 677 3879 dt
694 3801 850 3904 paralysi
865 3801 1033 3901 perculso
1049 3803 1197 3883 bomine
1214 3800 1466 3900 epileptieove
1493 3825 1679 3904 acceptam
1705 3799 1827 3887 fitille.

383 3904 443 3980 uic
461 3902 558 3976 arim
574 3905 819 4004 Gaiopontus
838 3897 863 3983 l.
880 3925 912 3977 1.
935 3926 966 3979 c.
985 3902 1022 3980 6.
1049 3905 1088 3981 E
1112 3905 1225 4005 'lepfiae
1240 3902 1312 3980 duo
1324 3928 1460 4008 genera
1470 3907 1591 4004 stant:
1617 3933 1723 3984 unum
1746 3909 1827 4001 est,

381 4003 505 4110 larque
514 3995 635 4101 stabito
651 4001 805 4090 cadunt,
832 4003 1040 4110 nescientes,
1132 4009 1402 4081 contraslionem
1418 4033 1584 4086 manuum
1602 4005 1826 4113 pedumque

372 4113 591 4212 potiuntur,
619 4105 821 4184 &cervicis
835 4119 1038 4188 tremorem,
1091 4104 1210 4192 Aliud
1220 4109 1260 4181 in
1278 4107 1549 4212 prtospumont,
1574 4111 1618 4188 ss
1633 4113 1823 4201 stertunt,
1935 4177 1937 4186 .

380 4229 445 4296 nec
461 4204 725 4298 cornabantur
745 4201 928 4303 m‘ssls'raa
952 4206 1274 4312 contenderint,
1299 4233 1385 4319 quos
1413 4210 1544 4320 vulgus
1567 4213 1821 4392 Damonpacos

1621 4339 1626 4342 -
1738 4341 1770 4387 ,,
