3954 4802
678 303 921 408 Borasrar
952 349 994 407 rr.
1044 333 1085 430 95
1417 343 1423 360 ·
1523 336 1601 429 237

634 505 1256 640 n'nnuanmrsaa.

169 771 197 853 l.
230 771 465 957 simulatam
488 772 626 852 nonnisi
643 767 747 850 fuisse
769 769 954 874 superiore
973 795 1067 850 anno
1085 764 1621 864 submillronemreconciliatio-

308 875 624 972 nemqueHenrici
643 865 943 966 Ducisilavariac,
963 873 1224 971 &complicum
1245 868 1412 958 suorum,
1433 866 1536 961 hujus
1558 887 1620 944 an·

169 971 208 1049 ni
229 995 325 1050 rrova
346 976 531 1052 'molimina
555 975 963 1076 liquido-demonstrant
1035 975 1120 1077 jam
1151 987 1256 1072 pater
1273 971 1370 1046 illius
1388 967 1570 1080 Henricus
1588 965 1619 1046 1.

168 1073 251 1150 Dux
266 1073 421 1150 Baunriae
437 1073 629 1170 adjuvante
654 1075 863 1177 cumprimis
890 1075 1066 1152 Mathilde
1099 1091 1212 1151 matre
1237 1070 1387 1172 aliisque
1414 1087 1556 1168 agnatrs
1584 1067 1621 1142 dr

169 1172 398 1277 Principibus
408 1198 578 1253 coronam
597 1177 734 1274 regiam
759 1175 923 1253 OttoniI
945 1175 1096 1253 delatam
1114 1167 1618 1257 incontrouerfiamvocabat,
1683 1213 1687 1216 -

168 1293 216 1346 eo
238 1276 337 1372 quod
351 1273 429 1374 ipse
448 1278 561 1374 patris
580 1276 732 1353 Henrici
751 1275 774 1382 ζ
791 1277 957 1376 Aucupis
979 1298 1108 1375 nempe
1124 1279 1285 1377 )nomen
1295 1272 1510 1357 consecutus
1518 1266 1620 1345 simul

167 1371 214 1444 ab
233 1395 280 1447 eo
301 1373 542 1473 primumtum
561 1393 773 1478 procreatus
800 1371 914 1467 esset,
947 1375 1124 1475 cumipse
1150 1375 1345 1452 Germaniae
1371 1376 1450 1452 Rex
1472 1367 1616 1471 agnitus
1650 1433 1661 1447 .
1814 1447 1820 1458 ,

170 1491 435 1573 coronatusque
450 1471 591 1568 fnisset,
612 1473 671 1552 seu
687 1495 731 1554 ut
749 1469 877 1554 audior
897 1477 980 1553 vita
998 1477 1184 1553 Mathildis
1202 1475 1384 1576 loquitur:
1410 1477 1450 1550 in
1465 1469 1616 1548 aulare-
1625 1437 1856 1590 Mffiffiffi‘

165 1573 245 1677 gali
262 1593 372 1654 nutus
386 1575 477 1672 effer,
494 1600 570 1678 quaa
589 1599 795 1675 magnarum
812 1577 879 1654 hos
898 1575 987 1652 duos
1006 1579 1103 1654 inter
1118 1573 1249 1654 fratres
1266 1573 1520 1652 discordiarum
1534 1593 1616 1648 cau-
1659 1606 1696 1668 „p
1722 1569 1852 1673 Maipa:

171 1677 207 1752 sa
226 1669 318 1766 suit,
339 1693 383 1753 ut
406 1699 489 1751 mox
512 1677 646 1754 relatus
663 1679 793 1754 author
812 1677 970 1760 testatur.
1023 1677 1111 1756 Hac
1130 1699 1272 1756 coronae
1289 1678 1400 1777 regit
1412 1677 1489 1771 jura
1501 1624 1736 1778 ιεΙιιιίῗιρ.
1748 1703 1820 1772 ¹97·

75 1875 79 1881 ὁ
170 1797 313 1873 apatre
332 1777 524 1876 neglecla,
548 1775 610 1853 seu
628 1777 744 1856 eidem
762 1778 803 1856 vi
826 1794 971 1856 extorta
985 1801 1070 1854 rnorr
1093 1795 1248 1855 amorre
1270 1777 1426 1858 Ottonis
1445 1776 1463 1852 1
1479 1774 1616 1852 Henr'r-

169 1899 234 1954 cus
255 1878 299 1952 ll.
320 1877 402 1954 Dux
422 1876 588 1972 Bajoarira
607 1880 762 1980 (dequo
780 1879 841 1956 hic
861 1879 966 1956 nobis
986 1877 1100 1956 sermo
1117 1875 1207 1982 est)
1234 1899 1436 1980 recoquere
1472 1873 1615 1976 caepit,
1687 1946 1690 1962 ,

169 1973 285 2077 pala'm
301 1980 435 2078 ubique
450 1979 615 2078 questus,
636 1980 675 2056 vi
692 1997 800 2082 atque
816 1995 948 2088 preter
963 2001 1105 2058 omnem
1125 1982 1324 2080 equitatem
1353 1997 1489 2080 patrem
1517 1973 1617 2051 suurn

167 2102 209 2154 ac
228 2078 383 2179 proinde
400 2080 507 2157 etiam
533 2077 570 2154 se
586 2099 722 2184 corona
738 2100 910 2172 exutum,
939 2081 1038 2184 quod
1047 2100 1088 2159 ut
1099 2081 1211 2183 magis
1229 2083 1387 2159 omnium
1414 2081 1461 2158 ob
1487 2069 1613 2153 oculos

165 2197 411 2279 proponeret,
437 2181 482 2256 ad
498 2180 705 2280 exemplum
726 2181 1004 2282 Graecilmperii
1021 2183 1258 2282 provocavit,
1285 2185 1322 2258 in
1351 2203 1424 2282 quo
1441 2177 1613 2276 Porphy·
1744 2187 1747 2193 '

165 2280 325 2380 rogeniti
344 2279 405 2358 seu
423 2282 461 2358 iu
484 2291 641 2382 purpura
662 2281 738 2358 nati
756 2279 1011 2383 proferrentur
1030 2280 1201 2360 fratribus
1221 2283 1255 2359 dr
1274 2279 1359 2360 filiis
1379 2295 1465 2358 ante
1482 2279 1612 2356 obten·
1704 2304 1707 2311 ·

167 2393 240 2454 tam
256 2381 401 2477 Imperii
417 2403 587 2458 coronam
614 2382 777 2482 gestitis,
805 2401 869 2459 aut
884 2403 985 2459 certe
1006 2383 1092 2459 socii
1120 2384 1267 2486 Imperii
1295 2382 1612 2460 constituerentur,
1661 2457 1664 2462 .

165 2477 256 2552 llud
270 2477 383 2580 ipsum
399 2481 472 2570 est,
497 2483 597 2598 quod
617 2484 813 2559 Gerberrus
829 2507 972 2561 cocvus
997 2483 1233 2560 Henricuma
1258 2481 1329 2560 suis
1358 2483 1523 2561 Graecun'r
1546 2502 1610 2576 ap·
1651 2473 1846 2576 §aleman

114 2621 126 2630 =
166 2577 338 2684 pellaturn
362 2581 479 2672 dicat,
503 2581 641 2658 scilicet
696 2583 767 2664 arod
785 2587 945 2659 Gracum
973 2585 1172 2682 imperandi
1198 2585 1306 2672 ritum
1332 2584 1370 2657 in
1388 2581 1611 2660 Germaniam
1620 2561 1813 2648 ‘sst'ffl‘

166 2679 341 2754 inducere
359 2681 605 2764 meditaretur.
692 2684 722 2758 is
747 2682 970 2782 argumentis
990 2685 1242 2786 pretenfisque
1265 2682 1403 2778 juribus
1432 2681 1611 2758 Hernicus

166 2779 301 2856 Ottoni
319 2780 353 2857 ll
370 2780 443 2858 non
460 2781 601 2882 quidem
619 2782 864 2883 Imperialeln,
883 2781 944 2860 sed
960 2787 1168 2868 Gemmanam
1189 2807 1358 2862 coronam
1376 2784 1521 2882 eripere
1546 2805 1612 2858 co-

163 2899 270 2956 natus
290 2881 363 2972 est,
386 2903 493 2986 atque
509 2886 582 2962 hoc
599 2883 678 2984 ipso
697 2905 791 2962 anno
811 2882 848 2962 se
870 2886 1070 2963 Ratisbonae
1090 2887 1128 2961 in
1145 2889 1281 2988 Regem
1299 2884 1612 2962 Germaniaecoro
1654 2951 1658 2958 .

162 2981 244 3058 nari
260 2978 351 3061 fecit
369 2985 574 3062 Abrahamo
594 2983 776 3086 Episcopo
794 2985 822 3062 F
823 2987 1006 3088 rilingensi
1024 2988 1184 3087 augurali
1201 2986 1405 3064 ceremonia
1421 2985 1610 3074 libi'coro·

162 3101 246 3160 narn
267 3083 477 3182 imponente
485 3114 501 3178 ,·
527 3105 607 3160 narn
626 3090 661 3162 S.
681 3081 955 3188 Wolfgangus,
979 3105 1019 3164 ut
1045 3109 1092 3163 ne
1117 3089 1298 3167 turbarum
1328 3089 1452 3166 harum
1470 3101 1610 3185 partem

162 3179 317 3279 aliquam
333 3179 432 3258 serre
450 3183 662 3274 videretur,
695 3183 732 3260 se
756 3185 795 3262 in
823 3188 1052 3266 solitudinem
1076 3191 1176 3266 lacus
1203 3187 1383 3290 Alpestris
1406 3209 1493 3264 rece
1519 3202 1629 3286 erat„

87 3285 91 3292 ’
164 3279 306 3358 Horum
321 3281 478 3357 omnium
494 3280 673 3358 conscium
691 3285 763 3360 imo
782 3285 819 3363 dr
835 3285 1013 3374 fautorem
1037 3285 1141 3366 fuisse
1169 3311 1251 3368 cunr
1278 3287 1466 3368 Misecone
1535 3284 1608 3376 les-

165 3379 258 3456 laum
277 3381 446 3472 nostrum,
456 3380 644 3485 persuadet
662 3385 792 3462 bellurn
809 3386 908 3466 illico
939 3391 983 3468 ab
1003 3390 1148 3469 Ottone
1179 3391 1346 3468 Bohemis
1370 3389 1606 3474 intentamm,
1755 3445 1760 3456 .

165 3479 374 3584 &asylum,
400 3483 499 3590 quod
508 3481 688 3560 Henricus
708 3507 730 3559 e
755 3487 912 3583 custodia
933 3484 1126 3590 'elapsusiu
1154 3491 1324 3570 Bobenia
1341 3491 1435 3590 apud
1452 3485 1607 3590 eundem

163 3585 343 3684 quesivit,
366 3586 600 3683 invenitque;
627 3586 811 3688 magisque
841 3586 1050 3680 confirmat,
1076 3611 1118 3670 ur
1146 3592 1289 3690 quirlam
1316 3593 1466 3682 volunt,
1483 3585 1607 3662 Boler-

162 3681 278 3771 laum,
293 3686 378 3762 loco
400 3684 577 3764 Bohemis:
601 3683 834 3780 viciaiffinm,
852 3689 1133 3790 inaugurationis
1158 3691 1263 3786 hujus
1289 3687 1504 3768 solemnitati
1523 3709 1604 3762 cunr
1926 3755 1930 3764 .

164 3785 353 3860 numeroso
372 3789 545 3866 comitatu
565 3791 768 3892 pompaque
785 3811 881 3890 pene
897 3791 1001 3892 regia
1017 3787 1237 3876 interfusa·
1290 3789 1474 3870 Goldastus
1484 3811 1531 3870 ex
1539 3785 1568 3865 F
1570 3812 1606 3865 a-
1617 3776 1760 3862 ⁶⁰¹⁴l⁶st⁰¹
1772 3783 1794 3848 t.
1804 3795 1839 3850 ²·
1956 3870 1959 3876 ,

164 3881 270 3996 laricis
286 3885 312 3962 1.
325 3909 361 3962 2.
372 3883 518 3964 scribit:
544 3889 724 3984 BoJemum
750 3889 978 3968 &Polonum
996 3893 1133 3970 llucem
1153 3893 1225 3970 hoc
1243 3914 1337 3971 anno
1362 3891 1407 3972 ad
1423 3891 1605 3972 celebrem
1613 3885 1636 3926 ⁶·
1655 3881 1686 3948 3·
1698 3884 1733 3952 P·
1744 3871 1816 3948 ¹⁶9·

163 4003 202 4059 ιιι
220 3983 425 4086 Thuringia
443 3987 599 4066 Vinariae
618 4007 837 4068 conventum
852 4009 1008 4072 vocatos
1026 3987 1119 4086 else,
1146 3994 1309 4104 adquam
1327 4021 1434 4103 neque
1463 3995 1530 4096 ipfi
1542 4019 1604 4070 ue·

1 4119 2 4150 ι
98 4175 105 4187 ,
164 4105 317 4180 nerunt,
334 4113 398 4164 nec
414 4085 552 4195 legatos
568 4093 746 4191 nrfferunt.
796 4093 837 4172 In
864 4081 1008 4190 scholiis
1035 4113 1211 4195 prouocat
1233 4095 1277 4172 ad
1298 4092 1605 4195 Schafnaburgen-
1642 4103 1649 4117 ‘

163 4181 249 4264 sem.
299 4189 355 4268 At
376 4186 708 4294 schasnaburgensis
727 4193 883 4275 adhunc
900 4217 1029 4275 annum
1045 4192 1159 4278 solum
1176 4197 1289 4278 verba
1305 4193 1405 4278 sunt:
1433 4201 1522 4275 Otto
1532 4195 1605 4269 Iar·

1142 4355 1149 4374 ι
1400 4323 1404 4330 '
1445 4318 1555 4402 pera·-

1770 690 1931 746 aq·
