3832 4808
644 293 879 428 llotrt'rrr
902 365 953 424 m.
1009 363 1049 440 4.
1263 437 1266 443 ,
1413 357 1493 452 497

60 517 103 598 J„
132 499 207 579 bns
228 486 384 574 fundltts
400 487 554 572 Vienna
571 494 828 572 mortalitatem
857 487 963 568 exuit
977 487 1047 568 die
1078 509 1127 584 24
1147 491 1275 572 mensis
1298 489 1442 592 Aprilis
1468 493 1545 573 Ans

70 658 104 700 ‚,
138 599 242 703 1706
263 613 326 676 aet.
347 617 524 672 annorum
543 593 640 670 unde
658 592 842 692 sexaginta
857 592 956 668 nullo
976 610 1024 666 ex
1046 591 1247 668 Catholicis
1268 589 1457 692 superstite·
1473 595 1543 671 h'u-

71 759 102 798 „
125 700 189 799 jus
210 693 434 781 rtobililsrmae
466 691 587 794 stirpis
606 694 753 776 herede.
814 690 978 796 jablonae
1001 691 1040 770 in
1067 693 1145 774 RR,
1176 687 1243 769 PP.
1263 689 1541 774 Praedicatotum
1742 735 1755 790 t

30 877 35 888 ,
68 859 99 898 ,,
128 800 306 901 templo,
332 797 433 897 quod
450 793 527 896 ipse
537 793 643 892 regia
660 818 754 894 pene
764 790 1027 890 magnificentia
1036 792 1245 882 aedificarat,
1262 791 1540 892 sepulturarum

67 961 100 1000 ‚,
129 900 341 1002 sepulchro
363 919 505 973 omnem
530 893 623 972 suam
643 891 761 973 secum
778 891 975 994 prosapiam
995 887 1192 974 intulliffet.
1243 892 1314 970 Hic
1331 893 1539 972 estnobilis

67 1061 100 1100 ‚,
127 1005 246 1082 fimus
268 999 333 1074 ille
350 997 560 1085 Mecoenas,
588 994 652 1094 qui
670 995 883 1073 testamento
902 992 1021 1080 cavit,
1048 992 1104 1070 uti
1125 993 1164 1070 in
1180 973 1540 1096 ptaesetttesHagecii

50 1112 101 1201 '„
130 1101 312 1182 Annales
331 1098 487 1210 sumptus
504 1093 650 1174 fierent.
670 1153 697 1202 „
731 1095 827 1174 (due
846 1113 965 1173 tamen
983 1093 1042 1194 pia
1069 1093 1147 1189 ejus
1176 1095 1346 1172 voluntas
1365 1095 1539 1174 invanum

68 1205 187 1284 abiit.
241 1199 342 1278 Cum
358 1219 453 1274 emm
475 1189 697 1296 pollelbonea
712 1196 811 1274 illius
831 1191 1112 1294 fortunaquead
1122 1194 1207 1272 alias
1218 1211 1366 1294 agnatos
1385 1192 1540 1279 familias

70 1294 326 1392 transiissent,
352 1319 530 1411 nemoque
549 1295 716 1397 Hagecio
735 1298 773 1374 in
791 1297 943 1374 latinum
963 1291 1217 1372 transferendo
1238 1297 1299 1372 diu
1324 1299 1538 1375 manumad·

70 1397 255 1501 jecill'et,
281 1396 321 1474 P.
338 1396 555 1476 Vidlorrnus
581 1397 680 1488 hand,
707 1421 772 1499 par
802 1398 956 1498 amplius
984 1395 1158 1474 inventus
1185 1415 1225 1473 ut
1241 1395 1315 1473 hec
1333 1398 1458 1476 ultima
1479 1395 1539 1478 sua
1618 1455 1621 1462 .

71 1504 260 1582 noluntas
282 1496 391 1574 etiam
410 1497 540 1574 tabulis
558 1497 672 1596 regiis
688 1501 858 1575 roborata
879 1499 922 1574 ad
938 1493 1110 1572 effectum
1128 1497 1403 1599 perduceretur.
1465 1503 1538 1578 Ce-
1579 1535 1602 1544 ··

70 1619 208 1682 tetum
229 1598 294 1700 qui
311 1597 358 1676 de
373 1597 555 1676 Hovotea
569 1594 703 1675 familia
720 1599 823 1698 plura
839 1598 967 1697 legere
986 1597 1108 1698 cupit,
1135 1597 1238 1676 adeat
1255 1598 1454 1699 Diadogum
1471 1599 1539 1678 Pa-

68 1769 75 1780 .
104 1702 210 1779 rocii
231 1698 511 1780 inDominotum
526 1698 684 1796 ordine,
711 1699 800 1786 item
815 1699 1028 1793 telletum,
1049 1697 1114 1800 qui
1141 1699 1187 1778 de
1204 1697 1272 1788 bac
1290 1696 1404 1800 stirpe
1423 1721 1539 1804 pecu·

72 1727 217 1884 {intem
235 1798 418 1880 historiam
444 1799 598 1902 scripsit.
746 1888 751 1896 ,
925 1814 936 1830 ·

203 2003 255 2120 (ν)
280 2001 367 2082 Haec
383 2000 503 2078 omnia
522 1995 630 2080 fustus
649 1998 865 2101 prosecutus
883 1999 936 2076 est
954 1995 1098 2078 laudato
1124 1995 1210 2072 loco
1226 1995 1447 2097 Paptociut,
1473 1996 1556 2100 sed,

74 2105 224 2188 nemim
238 2102 349 2204 bodie
367 2101 422 2179 rei
442 2102 576 2180 critice
595 2101 719 2202 petito
736 2097 1259 2203 persuasururesteamclypei
1271 2101 1539 2200 gentilitii-hu-
1605 2127 1610 2137 ·

78 2209 144 2305 jus
163 2227 325 2284 normam
342 2201 564 2304 coloresque
587 2201 693 2278 reate
709 2205 751 2280 ab
776 2204 844 2280 bac
860 2221 964 2278 aetate
986 2201 1020 2278 da
1040 2198 1166 2276 seculo
1177 2196 1249 2292 jam
1265 2203 1383 2302 repeti
1396 2203 1539 2294 ,minua

81 2313 213 2387 Duces
231 2303 373 2380 nostros
391 2297 535 2380 suorum
554 2302 778 2380 nobilitatem
796 2305 840 2384 ab
859 2302 1143 2402 Imperatoribus
1158 2301 1325 2399 precario
1342 2301 1376 2379 ἂ
1396 2325 1464 2403 per
1483 2305 1538 2379 le·

27 2417 45 2438 ‘
83 2409 261 2508 gatiotres
279 2395 465 2500 qualiille,
492 2401 554 2502 qui
572 2403 611 2478 in
627 2402 683 2506 lais
703 2403 897 2504 erogandis
914 2423 989 2479 non
1010 2401 1117 2477 modo
1123 2398 1204 2492 jure
1221 2397 1382 2480 absoluto
1401 2403 1539 2502 gautle-

83 2509 201 2596 bant,
229 2501 289 2578 sed
311 2499 418 2576 etiam
440 2501 632 2586 Bohemam
650 2505 873 2581 nobilitatem
900 2500 1082 2602 Imperioli
1107 2499 1336 2596 illustriorem
1357 2503 1461 2588 ‚intra
1490 2503 1537 2580 li-

83 2607 199 2682 mites
228 2606 388 2680 Ducitur
414 2600 465 2677 sui
490 2621 669 2702 perpetuo
689 2625 792 2680 manu
806 2623 976 2682 tenuere.
1026 2598 1116 2676 Nam
1126 2598 1233 2674 etiam
1249 2601 1452 2702 Principes,
1463 2607 1557 2703 (Ξο.Ι

81 2705 271 2804 mitesque
283 2700 433 2799 Imperii
442 2701 584 2800 quoties
606 2699 735 2780 selein
753 2697 984 2806 'pollessrones
1003 2700 1179 2780 Bobemiae
1193 2699 1432 2793 immiserant,
1460 2717 1537 2792 nom

83 2807 160 2884 alia
171 2800 413 2905 prerogativa
430 2819 535 2878 erant
550 2801 870 2904 conspicui,qtram
888 2829 952 2895 ea,
963 2826 1068 2902 qnam
1079 2803 1133 2876 eis
1149 2800 1255 2877 Ordo
1269 2798 1331 2880 seu
1348 2805 1537 2901 Equestris

13 2978 17 2987 .
84 2905 155 2984 seu
173 2905 407 2984 Dominorun
430 2923 570 3003 acapta
598 2900 806 3002 pollelsrone
835 2906 876 2986 in
893 2902 1060 2984 Comitiis
1080 2899 1316 2992 concedebat.
1380 2907 1439 2984 De
1460 2900 1537 3018 qno

81 3004 369 3106 iamaliatpluta
393 2997 627 3086 differuimus.

200 3206 248 3308 (s)
275 3203 338 3282 An
359 3199 499 3286 Weliz
530 3201 710 3301 injustam
736 3202 941 3284 monasterii
968 3199 1117 3284 formam
1148 3229 1302 3309 unquam
1330 3205 1532 3302 transterit,

87 3303 288 3409 presertim
307 3304 435 3398 anjam
455 3301 670 3403 aJaromiro
689 3325 851 3407 coeptum
883 3307 1142 3408 conditumque
1171 3305 1285 3384 fuerit
1310 3307 1427 3385 minus
1454 3331 1534 3384 cte·

88 3408 225 3488 dibile:
253 3407 419 3491 Vocatur
437 3405 553 3480 adbuc
580 3405 616 3481 in
636 3407 830 3508 diplomate
847 3409 1017 3486 Ottocari
1038 3411 1143 3510 ltegis
1164 3407 1336 3482 Boltemiae
1347 3409 1429 3484 dato
1438 3429 1534 3485 anno

85 3533 109 3598 ¹1,
117 3529 212 3601 205:
242 3505 395 3601 Ecclesta
426 3507 460 3581 S.
474 3505 629 3602 Jtannis
650 3509 813 3609 Baptista
831 3514 868 3587 in
887 3509 989 3588 Veliz
1005 3511 1240 3616 suffraganea
1274 3505 1348 3588 scil.
1375 3508 1636 3626 ⁶oe⁰⁰b³⁵rmir
1653 3561 1685 3628 1.,Ι
1700 3569 1744 3632 „h

82 3607 242 3689 lnsulatti
265 3607 323 3686 sen
342 3607 597 3686 Olltovieolis.
649 3607 757 3686 (dum
777 3613 814 3684 in
832 3611 960 3686 eodem
980 3612 1200 3710 diplomate,
1226 3607 1566 3707 quodomneadop
1580 3647 1720 3716 emp-n·
1742 3588 1762 3634 ⁸
1865 3611 1869 3618 ’

82 3710 254 3790 nationes
273 3735 294 3786 a
314 3708 429 3806 prium
449 3708 619 3786 memoria
637 3711 851 3787 monasterio
870 3711 1034 3800 Insulamo
1054 3709 1164 3788 satias
1190 3708 1379 3802 recenset,
1415 3711 1610 3812 adduam,
1724 3671 1760 3742 μ

86 3811 152 3894 snb
173 3807 399 3901 Btzet'rslao,
427 3808 491 3908 qui
514 3811 685 3888 Bohetttiae
704 3814 747 3889 ab
763 3829 978 3918 anito,1037
1007 3807 1167 3911 prefuit,
1195 3810 1402 3887 nominatur
1421 3809 1532 3894 solum

85 3908 251 4008 Capella.
302 3913 361 3986 stc
383 3914 479 3986 enim
497 3909 568 3986 ibi:
600 3913 798 3990 Circuitum
813 3913 1068 4022 quoquefilve,
1094 3941 1159 4019 que
1182 3913 1319 3988 dicitur
1344 3909 1469 3992 Zoton
1487 3915 1532 3994 ὅ*
1577 3921 1760 4024 Bidctupag,

83 4013 254 4112 capellam
280 4003 376 4085 beati
406 4010 584 4108 Jthattttis
616 4013 768 4114 Baptiste
793 4043 873 4094 cum
902 4009 1061 4092 omnibus
1087 4015 1139 4090 ad
1161 4043 1236 4092 enm
1276 4013 1601 4108 ertinentibamm

89 4135 194 4218 quarn
214 4109 604 4188 eandemllrzetislans
628 4115 804 4194 coenobio
823 4113 994 4204 ,lnlblano
1022 4115 1185 4202 donatia
1243 4033 1299 4202 fta
1327 4113 1532 4217 utquident
1649 4149 1653 4157 ¹

139 4210 490 4306 trutmannia.
507 4213 656 4298 Haece.
715 4320 722 4331 ἱ
773 4216 862 4316 Rtr
1405 4217 1478 4298 bac
