3900 4814
417 317 491 405 428
718 287 781 372 ·‘
935 308 1233 414 Annusqqd.
1306 349 1310 364 =

371 453 554 561 aqietorer
574 454 626 530 ad
634 456 697 552 fita
709 453 837 559 praelr'a
853 459 1001 555 vocqffi,
1029 443 1121 560 quos
1132 451 1642 554 verofimilllmffiissflllllgfflss
1653 453 1831 557 reliquia»

369 581 452 634 cum
464 578 518 630 ex
538 573 699 656 utroque¹
717 559 1097 659 lliograplrotestatum
1115 560 1179 648 lit,
1197 583 1280 636 eunt
1298 558 1436 634 uonnifi
1449 552 1827 654 germanumsratrem

369 657 472 736 suurn
505 657 780 748 Gaudentium,
796 659 1018 758 alterumque
1049 661 1269 737 maenam
1295 679 1366 734 una
1393 657 1431 732 in
1458 657 1643 735 Polonism
1671 657 1722 734 dc·
1734 659 1826 736 dein

369 757 535 836 Prulstam
554 753 776 860 assumpsisse.
838 760 944 837 auid
964 763 990 836 li
1016 760 1132 861 igitur
1160 779 1261 840 tanto
1287 781 1435 835 numero
1454 757 1682 846 confluentes
1699 783 1840 840 monm-

372 862 456 951 chi,
484 857 543 934 alii
564 860 708 959 quidem
728 883 810 936 cum
832 862 1016 938 Anastasio
1032 865 1174 938 Abbate
1191 860 1476 946 Breunotiensr,
1503 861 1564 942 alti
1584 885 1673 937 cum
1691 859 1829 940 nacto

372 961 590 1050 Aristaeno,
609 963 785 1062 duplicem
796 962 892 1036 simul
910 963 1032 1038 loctnn
1052 965 1175 1058 colere
1193 981 1407 1062 coeperunt,
1440 960 1726 1046 llrevnovienses
1746 965 1829 1063 qui-

374 1063 701 1154 demdnastastum
720 1081 762 1139 ut
782 1062 1191 1152 ante‚Abbatemsnum
1220 1063 1415 1150 venerati,
1443 1065 1478 1137 S.
1504 1063 1695 1139 Adalberti
1724 1061 1826 1142 Socii
1929 1129 1930 1134 ,

373 1163 514 1263 uiaeque
534 1166 685 1241 comites
706 1163 867 1258 ejusdem
887 1164 1061 1240 Anastasri
1081 1161 1263 1242 familiaris
1289 1163 1374 1240 olitn
1394 1161 1641 1262 suipatrisqne
1659 1161 1824 1266 spiritua·
1929 1195 1930 1212 ³

374 1266 420 1342 lis
439 1263 628 1366 discipline
649 1264 800 1354 crediti,
826 1267 1013 1364 utrisque,
1036 1267 1203 1368 inquam,
1232 1267 1323 1341 idem
1344 1265 1546 1340 Anastasius
1562 1265 1684 1344 Abbas
1706 1267 1823 1344 conti-

374 1367 452 1468 git,
480 1369 577 1464 quol
592 1390 637 1441 eo
662 1365 789 1460 saeculo
806 1366 951 1441 minime
973 1362 1185 1467 infrequens
1207 1363 1307 1442 soille
1326 1365 1538 1464 cumprimis
1561 1366 1695 1446 exvita
1712 1366 1823 1463 &ge-

374 1467 437 1545 nis
458 1467 729 1555 S.Godeherdi,
758 1466 820 1566 qui
843 1468 941 1543 srmul
961 1469 1123 1568 pluribus
1158 1468 1342 1544 coenobiis
1363 1462 1528 1567 praefuit,
1554 1467 1680 1564 liquet.
1751 1468 1823 1544 Sed

373 1569 412 1643 id
446 1567 640 1666 Hunfrariae
674 1565 909 1668 scriptoribus
941 1569 1191 1645 elucidandum
1228 1558 1540 1666 definiendumque
1571 1566 1822 1666 relinquimus.

240 1681 242 1686 '
372 1669 582 1750 Nonnescio
607 1669 777 1770 quosdam
798 1667 974 1768 perfridla
996 1667 1120 1745 fronte
1138 1669 1417 1746 Anallastum'ab
1433 1668 1580 1744 Aslrico
1604 1664 1815 1766 dispescere‚

375 1789 483 1867 atque
496 1774 585 1848 duos
602 1791 741 1870 eosque
761 1769 920 1846 diversos
939 1772 1101 1846 Abbates
1120 1767 1267 1846 facere:
1295 1769 1394 1844 illurn
1413 1769 1559 1867 quidem
1589 1770 1626 1844 in
1642 1786 1765 1844 monte
1783 1771 1819 1848 S.

374 1873 547 1961 Martini,
574 1871 739 1951 illumnd
758 1870 898 1948 radices
919 1873 1051 1949 montis
1077 1871 1225 1960 semei,
1253 1893 1407 1969 quorum
1427 1869 1638 1946 sententiam
1660 1871 1823 1970 pluribus.

376 1973 482 2048 etiam
510 1975 553 2052 ad
577 1996 634 2047 me
660 1969 865 2072 perscripsit
899 1972 938 2047 in
961 1974 1109 2072 epistola
1130 1970 1189 2048 sua
1213 1976 1249 2049 ll.
1271 1971 1310 2048 P.
1320 1971 1524 2046 Norbettus
1534 1969 1690 2046 Ordinis
1711 1970 1821 2047 nostri

376 2071 541 2171 superior
558 2071 821 2172 Vesprimensts
843 2073 911 2151 Vir
929 2097 1050 2148 rerum
1078 2073 1388 2171 Theologicmuun
1416 2071 1662 2172 Poeticesque
1690 2071 1821 2173 cogni-

376 2175 481 2250 tione
502 2173 707 2272 cumprimis
725 2175 853 2248 clarus.
892 2173 990 2265 ,Seio
1006 2174 1224 2274 precipuum
1242 2169 1392 2249 illorum
1412 2169 1670 2262 arietem-erle,
1690 2197 1764 2272 qno
1785 2171 1821 2247 se

282 2349 286 2354 ,
375 2273 531 2354 adverse
549 2275 729 2350 sententiae
746 2297 869 2349 muros
890 2269 1100 2350 subvertisse
1121 2275 1347 2374 gloriantur,
1376 2275 1474 2374 quod
1490 2273 1529 2349 in
1546 2275 1642 2352 Bulla
1656 2273 1818 2348 Silvestri

377 2377 479 2478 Papre
500 2399 593 2452 anno
621 2397 719 2457 1000
746 2373 827 2450 data
850 2373 1017 2452 Astricus
1043 2375 1114 2472 jam
1132 2397 1289 2453 vocetur
1308 2377 1494 2478 Epssopar
1510 2377 1709 2474 Colocenstr',
1737 2395 1820 2448 cum

242 2485 244 2492 ⁴
377 2479 635 2581 inlliplomste
654 2480 689 2554 S.
708 2475 990 2576 Stephanianno
1008 2473 1185 2575 sequente
1202 2477 1288 2553 dato
1308 2477 1511 2552 Anastasms
1529 2477 1645 2554 adhuc
1662 2492 1821 2553 vocetur

266 2608 269 2614 ¹
336 2596 341 2610 ¹
378 2578 516 2662 Abdus.
571 2580 711 2656 Verum
728 2601 875 2678 operam
884 2579 1073 2754 perdunt:
1098 2577 1303 2680 antiquiora
1322 2577 1611 2662 &luculentiora
1629 2575 1823 2678 sappemnt

377 2679 822 2768 testimonimrlnastafium
844 2680 879 2754 A
913 2681 1102 2780 risumque
1121 2702 1231 2756 unum
1248 2680 1477 2778 eundemque
1487 2675 1725 2778 saille,quam
1735 2698 1823 2778 pru-

378 2785 508 2862 denter
528 2801 742 2880 aquoquam
759 2781 886 2870 negati
903 2777 1019 2878 polstt.
1072 2785 1221 2858 Certum
1238 2781 1333 2856 euim
1353 2780 1405 2854 est
1428 2779 1557 2879 primo,
1578 2781 1730 2873 majores
1757 2799 1825 2854 no-

87 2914 89 2920 ’
233 2961 237 2966 .
378 2886 470 2962 stros
487 2883 634 2958 latinum
653 2882 828 2975 Anastafii
843 2899 977 2954 nomen
993 2897 1066 2956 non
1086 2880 1192 2957 aliter
1215 2903 1319 2980 quant
1337 2878 1458 2978 Astrik
1483 2878 1618 2955 slavice
1644 2877 1826 2955 reddidis-

378 2985 439 3074 se,
467 2981 562 3082 quod
580 2979 830 3076 diplomatibus
848 2977 1003 3080 aliisque
1022 2982 1213 3058 veteribus
1236 2979 1458 3059 docurnentis
1468 2981 1622 3080 probatu
1638 2979 1732 3062 haud
1749 2975 1826 3054 dif-

377 3083 476 3163 ficile
494 3081 560 3164 est.
610 3078 778 3155 Secundo
788 3095 925 3155 certum
943 3079 1016 3171 est,
1043 3082 1141 3182 quod
1158 3083 1253 3158 idem
1274 3083 1385 3182 Papas
1408 3081 1515 3159 lladla
1534 3079 1822 3174 seullnallrlius,

377 3187 442 3284 qui
459 3183 621 3279 jamtum
643 3178 920 3259 Breunovienfis
936 3183 1056 3261 dbbas
1076 3179 1157 3275 suit,
1178 3181 1467 3286 subpollremum
1487 3183 1714 3265 &Adalberti
1739 3182 1822 3260 Pra-

379 3308 427 3385 ga
445 3281 631 3365 discessum
641 3279 713 3379 jam
733 3285 898 3380 Astricur
914 3285 1118 3385 appelletur
1136 3311 1155 3361 s
1172 3289 1394 3382 synchrono
1410 3289 1443 3363 S.
1458 3284 1646 3364 Adalberti
1675 3285 1818 3382 Biogra·

379 3387 479 3489 pho,
506 3383 621 3464 utiad
638 3407 751 3462 annos
774 3384 911 3488 990&
937 3409 1010 3488 994
1030 3387 1260 3464 ostendimus.
1330 3393 1483 3464 Certum
1511 3388 1565 3464 est
1589 3385 1704 3463 tertio
1722 3383 1816 3484 qaod

380 3484 636 3592 tintiquiffitaus
655 3485 851 3588 Hungariae
873 3485 1027 3588 scriptor
1042 3489 1266 3568 chartuitius
1289 3489 1495 3588 promiscue
1512 3489 1645 3566 Astrici
1672 3486 1814 3562 &Ana-

153 3607 327 3675 cnarmitiur
340 3593 471 3693 p.stafii
491 3587 638 3667 nornine
660 3606 803 3679 utatur,
821 3589 1019 3690 verbisque
1031 3587 1205 3688 exprellis
1222 3591 1336 3667 dicat:
1364 3594 1543 3688 Astricam
1552 3589 1749 3692 praefidens,
1761 3593 1819 3692 qui

149 3707 216 3778 417

383 3696 492 3771 etiam
509 3694 715 3788 Anasttfius
741 3689 855 3767 dirius
885 3693 941 3785 est.
1010 3691 1121 3768 Quot
1145 3691 1362 3794 quantisque
1388 3689 1579 3768 vetustatis
1606 3690 1823 3768 testimoniis

378 3815 562 3971 t¹¹¹¹l¹¹²¹t
576 3788 941 3970 slessltlslllls
954 3791 1116 3970 rlltl
1130 3791 1827 3973 stellaoefftltltnttllle

379 3915 490 4100 dssdni
505 3915 619 4093 Regips
638 3990 748 4072 facile
766 3991 894 4073 salvari
913 3915 1057 4094 pgotest,
1074 3958 1286 4073 fidicamus
1303 3917 1485 4074 ursitum
1516 3919 1736 4096 depfignatum
1760 4019 1827 4078 aut

378 4093 572 4280 pqmejam
594 4093 853 4213 consecratum·
871 4093 1087 4211 Episcopum
1117 4097 1218 4212 simul
1243 4093 1347 4176 fuisse
1364 4099 1538 4212 Abbatem
1558 4098 1593 4172 S.
1613 4093 1773 4172 Martini·
1788 4101 1847 4228 ἁΙ

423 4216 519 4283 ontrs
538 4195 679 4279 Ferret.
705 4195 932 4278 chatumus
956 4219 1058 4278 cette
1088 4221 1170 4278 eum
1183 4221 1256 4300 Jam
1275 4200 1466 4294 Abbatem,
1487 4221 1559 4296 ram
1577 4195 1767 4276 Praesulem
1790 4202 1829 4282 ἃ
1929 4237 1930 4254 ι

1677 4298 1772 4398 Epi.
