3894 4800
379 447 381 452 ἢ
713 351 1024 434 Banasam„
1492 367 1555 447 37*
1629 419 1630 422 a

147 505 355 608 accipiunt:
374 523 443 582 nor
468 495 790 580 contra'calamum
810 495 969 572 nostrum
993 483 1175 571 coercere
1189 491 1290 572 lntul
1320 483 1523 596 ponamus,
1550 497 1591 572 ul

144 627 192 684 ne
210 605 340 708 prodat
359 603 625 699 conjecturam,
678 623 730 675 uae
748 623 768 676 ιι
787 595 950 698 plurimis
973 594 1075 670 annis
1108 595 1179 688 jam
1201 595 1321 673 animo
1341 591 1465 668 nostro
1494 583 1553 664 inl
1572 634 1590 658 η
1624 649 1735 714 Vde?

143 705 210 784 dit.
260 711 307 786 Et
323 704 468 808 quidem
485 703 619 780 clarum
708 721 756 774 ex
784 696 908 797 primis
927 693 1058 771 nostris
1086 694 1369 795 Hagiographis,
1387 675 1687 800 Boleslaummssn
1700 673 1823 802 Hm

143 827 220 886 uun
245 807 391 907 quidem
419 825 544 892 manu,
579 799 622 876 dr
645 801 731 876 ense
760 795 826 874 suo
861 817 990 873 necem
1020 798 1056 872 S.
1081 793 1314 872 Wenceslao
1332 785 1522 878 intullillo,
1548 805 1820 906 urnatpaarv·
1935 895 1938 900 .

144 929 343 1008 perperam
361 901 472 982 sentit
498 895 743 980 Grollothecae
764 897 919 986 author,
948 894 1010 972 sed
1028 895 1148 970 eidem
1166 896 1306 972 nonnili
1321 915 1443 970 ararem
1461 891 1821 990 dentetffsroia‘ora

142 1029 217 1084 ram
240 1007 382 1082 vibrato
405 1003 485 1080 idlu
499 995 715 1104 amputalle,
742 1019 819 1100 quae
837 996 922 1072 dein
942 994 1198 1072 aPrzibislava
1218 992 1344 1072 sorore
1361 1007 1510 1092 reperta
1518 1013 1593 1080 noa

145 1125 277 1210 prater
303 1105 514 1182 miraculum
539 1124 624 1180 cum
652 1097 754 1176 sacro
776 1117 938 1195 corpore
971 1095 1118 1172 coaluit.
1189 1094 1307 1190 Hujus
1332 1089 1506 1170 facinoris
1525 1109 1592 1193 ty,

144 1229 232 1308 pum
250 1206 454 1302 testemque
464 1204 567 1280 huuc
585 1199 770 1275 denarium
789 1196 951 1372 deputo,
976 1217 1084 1294 quem
1102 1194 1288 1283 Boleslaus
1306 1188 1495 1272 fafflvara
1511 1215 1594 1291 poea
1675 1217 1678 1223 ·

145 1307 271 1384 nitens
286 1305 333 1378 ad
359 1304 473 1403 magis
499 1299 682 1401 magisque
702 1298 834 1394 explan
860 1319 919 1372 um
947 1293 1061 1372 scelus
1089 1294 1187 1372 suum
1216 1297 1357 1374 demum
1382 1293 1595 1394 posteriori.

151 1406 218 1482 bna
235 1403 336 1480 annis
354 1403 486 1478 excudi
502 1397 765 1486 fecerir,limul
777 1391 1003 1486 fortallis,·'ut
1019 1395 1132 1495 palam
1150 1397 1317 1488 doceret,
1332 1393 1370 1472 l'e
1385 1417 1460 1471 non
1479 1395 1594 1471 intera

147 1499 350 1595 fellonem,
377 1499 439 1578 sed
455 1501 568 1576 solum
584 1497 823 1576 mutilatorem
847 1515 1183 1598 amputatoremqne
1204 1494 1371 1574 fraterne
1389 1496 1484 1572 auris
1507 1493 1593 1572 fuis,
1659 1582 1664 1596 .

145 1603 216 1696 se,
243 1621 304 1682 aut
318 1619 424 1680 certe
436 1603 670 1692 utinnueret,
685 1598 797 1674 vitam
815 1594 1032 1696 salutemque
1047 1595 1087 1674 fe
1103 1597 1139 1673 se
1156 1599 1240 1676 huic
1257 1596 1422 1674 mucroni
1439 1597 1590 1687 dehere,
1625 1577 1695 1642 Μ’
1708 1577 1823 1644 Parem

147 1729 223 1809 qno
239 1725 341 1782 manu
361 1702 419 1778 lua
436 1718 584 1778 extorto
605 1703 639 1778 S.
653 1697 899 1782 Wenceslaus
918 1719 968 1774 ex
987 1699 1152 1798 ingenita
1166 1700 1229 1776 fibi
1247 1699 1387 1800 pietate
1414 1719 1487 1773 non
1512 1659 1825 1808 ususjffl⁰”5¹¹‚¹·s‘”‘

150 1809 207 1884 est
222 1809 260 1885 in
278 1794 797 1904 aggrelloriaperculsurisque
820 1797 1036 1898 perniciem.
1088 1803 1162 1875 Cur
1180 1799 1218 1876 id
1239 1800 1325 1876 mihi
1346 1794 1590 1898 persuadeam,
1602 1763 1731 1896 affl·
1747 1761 1824 1902 ἶς’
1893 1811 1898 1823 ·

11 1925 18 1932 ’
148 1910 224 1986 latet
240 1923 421 1984 momenta
438 1899 517 1978 suut
541 1925 554 1975 r
581 1897 869 1997 Repraeseutatur
899 1899 938 1972 in
958 1900 1084 1975 eadem
1107 1899 1246 1978 denarii
1272 1921 1381 1988 area,
1408 1921 1477 1997 qua
1500 1901 1592 1976 easta

147 2007 212 2084 seu
237 2027 361 2083 mucro
382 1999 535 2079 excursus
555 1999 629 2087 est,
654 2025 675 2074 a
692 1999 844 2076 dextera
860 2019 966 2098 parte
985 1999 1076 2075 aliua
1102 1999 1427 2098 parvus‚rudis,&
1443 1999 1591 2080 minium

148 2107 405 2187 dil'cernendua
421 2099 551 2182 <lullus
579 2099 686 2176 sculi
714 2121 819 2190 aum,
844 2100 942 2198 quod
961 2095 1203 2180 Grollothece
1224 2103 1352 2179 author
1371 2100 1408 2176 in
1431 2100 1593 2180 stauilitu-

148 2209 267 2286 diuem
280 2206 435 2300 jacentis
459 2188 579 2279 litere‘
606 2123 881 2288 ueedgormavit,
908 2223 976 2298 qua
992 2196 1108 2279 forma
1125 2203 1278 2280 eundem
1303 2198 1453 2280 dullum
1471 2201 1595 2284 noster

153 2307 193 2386 P.
207 2305 392 2384 Aduudlus
409 2301 450 2380 in
467 2300 639 2380 Tabulam
656 2297 749 2378 luam
766 2323 849 2400 pag.
862 2311 910 2402 87
928 2301 1082 2394 retulit,
1133 2320 1470 2404 nanquanauterque
1486 2301 1589 2402 inge·

27 2469 32 2476 .
108 2460 116 2468 -
154 2429 227 2484 aue
245 2399 428 2482 conlellus
443 2403 515 2494 lit,
540 2399 626 2477 sese
641 2396 918 2500 haud-allequi,
945 2401 1031 2500 quid
1053 2403 1099 2480 du
1166 2403 1257 2480 aille
1277 2400 1340 2480 seu
1355 2401 1464 2479 litera
1468 2399 1594 2496 jacens

170 2528 210 2582 ue
227 2521 417 2582 connotet.
461 2503 514 2577 Ut
539 2500 667 2578 duetus
683 2501 745 2576 hie
763 2497 928 2576 informis
947 2503 1229 2606 ignorabilirque
1251 2504 1323 2582 vim
1342 2502 1376 2578 dr
1402 2501 1524 2580 locum
1539 2502 1599 2597 jm'

105 2637 111 2656 ·
155 2607 276 2684 tentis
296 2605 411 2680 litera
433 2603 458 2678 B
477 2598 666 2693 sustineat,
691 2623 798 2704 nemo
817 2601 1038 2692 adducetur,
1065 2623 1107 2680 ut
1129 2603 1275 2694 credat,
1303 2604 1364 2705 qui
1381 2603 1529 2681 alteram
1548 2601 1594 2678 li·
1623 2685 1636 2700 ,

156 2725 271 2784 teram
289 2705 315 2780 B
333 2697 610 2780 informillruram
635 2702 672 2778 iu
692 2700 852 2795 ejtudem
873 2702 1011 2778 denarii
1033 2703 1259 2818 epigraphe,
1279 2729 1320 2780 ae
1345 2725 1441 2782 uoce
1458 2703 1595 2784 Boura,

155 2833 233 2890 rau
245 2821 498 2894 occurrentem
516 2802 740 2893 contulerit,
767 2827 842 2902 qua
859 2799 954 2904 ipsu,
972 2803 1037 2882 uili
1060 2801 1287 2902 interjedlam
1303 2807 1454 2886 haberet
1469 2801 1600 2905 virgm'

153 2898 243 2999 lam,
272 2906 397 3007 potius
414 2903 629 2980 hodiernum
646 2905 677 2978 D
698 2903 832 3002 cuique
851 2905 1052 2984 videretur.
1113 2905 1193 2984 Noa
1219 2905 1342 3006 itaque
1358 2907 1596 2984 monetarium

154 3007 279 3086 rudem
296 3008 368 3084 hoc
390 2999 539 3080 informi
573 2999 685 3079 ducta
709 3003 803 3080 haud
826 3001 923 3080 aliud
948 3007 1156 3106 exprimere
1185 3003 1340 3084 voluille
1363 3001 1594 3096 arbinanurj.

63 3176 69 3187 .
152 3131 257 3210 quam
276 3109 463 3184 dexteram
486 3105 524 3190 S.
542 3101 763 3181 Wenceslai
778 3125 926 3195 aurem,
948 3107 1081 3182 eodem
1099 3107 1250 3186 Bolealai
1273 3128 1489 3186 mucronea
1552 3131 1595 3181 m

154 3227 279 3288 tutam.
329 3207 417 3282 (dua
433 3206 472 3280 in
494 3227 548 3308 re¹
562 3226 621 3280 me
642 3205 784 3319 pridem
811 3203 1070 3288 confirmarunt
1100 3208 1301 3288 coafitailes
1329 3207 1456 3290 dunas
1480 3207 1518 3284 in
1535 3229 1596 3282 or-

156 3331 260 3398 mes,
290 3305 485 3404 duriusque
508 3328 553 3380 co
582 3305 796 3396 uolcibiles,
824 3329 916 3404 quam
947 3307 986 3383 in
1012 3309 1174 3387 monetis
1192 3308 1432 3424 posteriorum
1459 3309 1599 3400 Ducum

155 3407 358 3486 nostrorum
380 3405 534 3482 Boleslai
554 3329 609 3496 fl,
628 3407 778 3498 limane,
798 3405 982 3497 Udalrici,
1009 3408 1167 3509 denique
1194 3428 1325 3512 agnato
1354 3409 1419 3485 illo
1446 3407 1607 3513 denario„

155 3511 226 3590 aP.
243 3503 414 3584 Adaudlo
430 3529 512 3606 pag.
533 3527 607 3609 317
625 3507 771 3606 prolato
791 3503 1016 3606 spedlamus,
1043 3509 1222 3611 inquibus
1240 3510 1387 3612 quoties
1404 3511 1598 3608 penaima,

157 3633 208 3712 go
231 3613 266 3687 S.
286 3605 507 3686 Weneeslai
527 3607 710 3699 occurrit,
735 3609 924 3687 adextera
941 3606 1131 3706 capitiasui
1150 3629 1258 3710 parte
1281 3608 1477 3686 istiusmodi
1496 3607 1604 3688 rudir'

160 3709 289 3788 dunas
308 3705 543 3800 observatur,
592 3731 672 3786 uam
708 3733 788 3786 cum
823 3709 886 3785 alii
918 3731 987 3808 pro
1014 3710 1189 3788 extremis
1216 3711 1348 3786 duabus
1381 3709 1456 3788 oris
1481 3707 1597 3788 fascia

159 3810 306 3916 Ducalia
323 3731 677 3926 interpretatilunt,
704 3831 771 3888 nos
795 3809 907 3909 magis
929 3831 998 3909 pro
1017 3829 1196 3910 amputata
1220 3813 1255 3888 8.
1271 3811 1494 3890 Wencealai
1509 3834 1596 3890 aure

157 3912 313 3988 dextera
326 3909 575 4009 acciplendllm
591 3909 799 4001 censemus,
825 3933 975 4012 quacum
991 3906 1133 3990 scilicet
1152 3933 1222 3992 tam
1245 3913 1600 4014 infignemiraculum

154 4027 407 4115 perpetratum
428 4013 494 4092 est.
546 4011 722 4094 Nolumus
739 4017 950 4113 impugnare
968 4011 1112 4092 dnfilmn
1128 4015 1224 4093 illum
1240 4011 1433 4098 informem
1467 4017 1601 4097 naudo-

157 4133 325 4216 quemn
341 4137 463 4218 prope
480 4114 589 4216 capiti
605 4117 803 4218 appofitum
823 4107 917 4206 elle,
942 4135 1073 4192 utcum
1090 4137 1139 4192 eu
1157 4139 1357 4212 coematur,
1368 4043 1601 4198 &falciellu-

158 4217 249 4298 ralia
271 4213 539 4302 simulitudinem
553 4219 689 4300 habere
708 4218 898 4322 videatur3
923 4213 985 4298 sed
1000 4236 1109 4324 caput
1124 4219 1245 4310 ubivia
1261 4223 1297 4305 s.
1319 4213 1555 4331 wenceslai,
1573 4215 1602 4294 fi

209 4363 218 4374 .
282 4347 286 4362 ¹
331 4346 354 4386 ,ι
1465 4335 1558 4396 mm.
