3894 4800
421 311 482 436 34¹
734 408 735 416 i
767 367 770 374 ¹
826 277 831 282 -
936 313 1113 414 Annos
1149 353 1240 435 942.

480 477 544 578 (f)
571 475 725 554 Numum
748 497 893 554 aureum
912 476 1065 572 Bqleslai
1093 479 1249 578 imagine
1276 475 1482 578 inlignitum
1502 499 1573 554 nec
1601 463 1817 573 Hageciirs,

370 597 441 656 nec
452 579 615 656 Balbinus
633 579 772 654 aliusve
790 577 906 668 vidit,
925 601 993 654 nec
1014 576 1151 654 visurus
1170 601 1335 678 unquam.
1406 579 1492 656 Non
1512 575 1581 652 suit
1604 575 1652 651 ea'
1665 575 1743 650 auri
1769 575 1816 648 li-

372 679 505 779 gnandi
534 681 627 756 ratio
654 678 691 754 in
711 676 883 756 Bolaemia
902 676 960 754 seu
978 681 1062 768 his,
1083 677 1144 754 seu
1161 678 1422 777 posterioribus
1450 675 1672 780 temporibus
1702 671 1815 774 usque
1870 769 1875 775 Ι

371 780 418 858 ad
438 778 591 883 Joannis
609 779 718 878 Regis
736 779 928 877 imperium
944 835 958 870 ,
977 779 1037 878 qui
1055 780 1214 878 primus,
1240 797 1282 854 ut
1301 779 1429 856 Petrus
1449 781 1572 856 Abbas
1602 798 1748 851 coaevus
1774 775 1816 850 in

372 881 512 955 Chron.
536 879 641 954 Aule
661 879 779 978 Regin
797 879 840 954 ad
859 879 933 954 An.
956 899 1051 984 1325
1070 895 1419 967 ntemorat,aureanr
1428 899 1607 958 monetam
1622 875 1816 952 admorem

372 976 606 1082 Florentiae·
622 981 721 1056 urbis
740 981 895 1080 imagine
928 983 962 1057 S.
981 979 1254 1082 JoannisBapt.
1282 977 1315 1061 a
1339 979 1428 1056 liliis
1448 979 1649 1080 insignitum
1676 997 1814 1075 procu-

375 1079 452 1170 dit,
480 1077 580 1174 cujus
598 1101 749 1180 quatuor
795 1101 1059 1158 artesmurcam
1080 1096 1289 1179 argenteam
1306 1083 1500 1178 aequabant.
1563 1077 1713 1154 Namnd
1734 1076 1810 1152 haee
1847 1073 1860 1088 “

287 1240 292 1251 .
375 1177 489 1279 usque
504 1199 668 1280 tempora
685 1179 723 1254 in
739 1105 802 1256 usia
819 1175 910 1270 fuit,
935 1200 975 1254 ut
994 1201 1119 1282 aurum
1138 1203 1186 1256 ex
1212 1177 1472 1258 consuetudine
1487 1179 1816 1280 plurimarumgen-

374 1279 466 1356 tium
489 1279 598 1357 etiam
616 1279 827 1380 quotidiano
845 1281 880 1354 in
900 1279 1120 1356 commercio
1138 1280 1429 1394 appenderetur,
1459 1279 1494 1355 δι
1517 1273 1818 1374 exstate1·alegi-

302 1377 309 1390 '
376 1380 444 1460 bus
466 1381 713 1468 estimaretur,
742 1401 851 1482 quare
871 1380 981 1455 etiam
1001 1378 1136 1454 nummi
1154 1381 1193 1455 lm
1209 1379 1295 1454 nulli
1315 1398 1420 1456 certo
1438 1379 1594 1480 ponderi
1613 1371 1816 1476 iesponde-

318 1506 324 1516 “
368 1483 474 1578 bant.
526 1482 780 1560 Fundebantur
797 1491 929 1554 autern
961 1497 1117 1580 utrarum
1135 1474 1196 1554 seu
1219 1479 1443 1577 globulorum
1464 1481 1556 1569 ritu,
1584 1477 1622 1552 in
1648 1499 1740 1575 quos
1759 1477 1815 1552 irr-

377 1578 509 1658 fornia
524 1581 695 1687 hieroglo
723 1581 804 1658 hica
820 1579 916 1678 signa
934 1504 1054 1667 sine,
1081 1577 1279 1669 stellarum,
1306 1579 1474 1670 orbium,
1502 1579 1672 1655 hastarum
1692 1597 1818 1678 ,cor-

380 1682 525 1769 diumve
547 1681 614 1762 &a
632 1691 665 1756 m
713 1683 749 1756 ei
769 1677 900 1758 idiibus
916 1679 1216 1768 intundebaotnr,
1243 1678 1289 1753 de
1316 1702 1390 1776 quo
1417 1683 1491 1757 ritu
1516 1675 1676 1776 lignandi
1694 1699 1819 1753 aurum

375 1782 446 1878 jam
464 1783 559 1860 P‚ll.
570 1809 605 1882 p.
622 1793 706 1868 181.
729 1781 891 1882 egimus,
910 1779 1144 1880 dedimusque
1165 1802 1209 1852 ea
1232 1773 1267 1854 a
1294 1781 1419 1879 priore
1444 1779 1551 1858 Parte
1579 1776 1818 1878 pluraistius-

380 1883 477 1960 modi
496 1884 595 1959 rudis
610 1899 886 1961 aureaemonetae
906 1905 1010 1957 errem
1039 1879 1072 1954 la
1095 1876 1235 1977 scalpro
1244 1877 1384 1956 excoli.
1405 1877 1407 1884 ’
1444 1877 1817 1978 (auodargomentum

106 1993 110 2000 ’
155 1969 462 2121 maledicum
487 1983 630 2081 penitus
650 1979 855 2060 exhauserit
870 1983 990 2058 noster
1012 1907 1050 2054 s
1071 1973 1283 2068 Adeamus,
1318 1978 1380 2079 qui
1399 2002 1473 2054 non
1497 1977 1606 2054 modo
1629 1973 1741 2054 'facile
1766 1999 1816 2056 20

150 2061 206 2138 ⁶3·
267 2069 339 2138 ²³⁵·
383 2083 560 2178 ejusmodi
577 2079 752 2160 informes
774 2104 905 2157 aureos
924 2083 1050 2158 numos
1070 2079 1174 2178 typis
1194 2079 1265 2153 suia
1292 2072 1485 2179 expressit,
1507 2075 1613 2162 sed&
1633 2079 1817 2154 deinueu·

380 2185 428 2261 tis
452 2181 640 2286 superiore
663 2207 757 2258 artano
775 2183 819 2260 ad
832 2179 1026 2258 Podmnkel
1047 2178 1152 2280 plane
1169 2179 1334 2256 [indibus
1350 2182 1472 2256 aureis
1501 2180 1657 2255 monetis
1686 2178 1818 2277 episto-

380 2285 449 2362 lam
464 2287 506 2360 ad
524 2277 734 2359 familiarem
756 2280 854 2370 suurn
875 2279 1105 2378 conscripsit,
1130 2279 1253 2376 postea
1278 2279 1509 2380 Prageusrbus
1538 2271 1641 2378 typis
1664 2283 1815 2357 editam:

261 2441 267 2452 .
385 2388 429 2462 ad
446 2387 519 2502 lraee
530 2383 723 2475 letiorem,
743 2381 855 2483 magis
872 2378 1010 2458 firmata
1036 2379 1321 2480 &locupletiora
1342 2377 1567 2480 cognoscere
1578 2381 1817 2474 anhelantem,

303 2563 310 2572 .
383 2504 614 2566 remittimus.
839 2508 842 2516 ¹
919 2509 922 2517 ·
1262 2515 1266 2526 ·

314 2769 330 2786 s
495 2691 548 2793 (g)
572 2681 726 2760 Boleslai
744 2681 891 2758 nomine
911 2678 1026 2757 norati
1045 2681 1166 2780 plures
1186 2673 1373 2778 supersunt
1390 2680 1490 2756 numi
1506 2677 1694 2778 argentei,
1712 2697 1820 2776 quan-

385 2809 491 2884 quam
508 2786 608 2881 cujus
626 2807 647 2857 e
668 2783 781 2858 tribus
801 2784 892 2868 sant,
919 2780 981 2880 qui
999 2782 1128 2856 ordine
1156 2779 1217 2857 sabi
1237 2781 1275 2854 in
1298 2781 1439 2856 Ducatu
1467 2773 1726 2864 successerunt,
1754 2797 1822 2850 nec

385 2910 458 2986 quo
475 2891 573 2964 anno
588 2886 711 2959 excoli
728 2877 887 2969 fuerint,
912 2877 1139 2982 compertum
1158 2882 1212 2964 stt.
1273 2879 1352 2960 Nos
1378 2901 1496 2956 tannen
1522 2878 1668 2978 dignum
1685 2875 1823 2969 judica·
1942 2889 1944 2934 ⁷

387 2989 505 3064 vimus
521 3010 564 3068 ea
579 2985 624 3060 de
642 3005 684 3058 re
701 2983 805 3058 latius
823 2977 1016 3072 dill'erere,
1044 3003 1242 3084 quanquam
1255 2981 1823 3090 argumentumhocpraeoccupa-
1942 2995 1944 3004 ’

159 3057 489 3230 &G'sssqf‘dsss‘verit
508 3087 545 3162 Ρᾲ
563 3081 749 3196 Ariousius
766 3081 915 3202 noster,
942 3105 983 3158 ac
1004 3083 1160 3197 proinde
1174 3079 1294 3156 locum
1311 3081 1350 3158 in
1374 3075 1617 3160 Praetermillts
1656 3083 1694 3179 §.
1714 3076 1759 3156 ll.
1780 3075 1824 3152 ad

88 3226 91 3232 ·
386 3183 994 3282 huocauntunerdemargumeuto
1014 3183 1238 3294 destruamus.
1835 3220 1839 3229 -

657 3345 673 3353 ’
804 3381 1424 3468 raAEraanrrssn

391 3591 422 3668 1,
537 3573 878 3666 ua'tuordecennalis
894 3586 1092 3665 Boleslaunr
1108 3585 1206 3674 inter
1223 3582 1258 3660 d
1274 3583 1454 3662 Ottoaem
1465 3583 1526 3658 M,
1538 3577 1629 3658 Belli
1642 3576 1734 3677 gelli
1745 3595 1825 3651 rur-

564 3685 635 3766 sum
655 3689 812 3791 quaedam
830 3689 966 3766 iudicia
984 3711 1032 3764 ex
1053 3686 1244 3770 Chronico
1270 3683 1597 3782 Magdeburgenfi,
1623 3675 1828 3754 &Annali-

392 3791 444 3868 lla
469 3793 612 3866 Saxone
627 3789 830 3879 haurimus,
856 3790 970 3866 verba
998 3787 1042 3864 ad
1058 3783 1270 3885 praesetnem
1301 3805 1429 3858 antrum
1458 3779 1566 3860 sum:
1596 3783 1650 3860 Eo
1675 3796 1829 3878 tenpore

390 3887 514 3969 lencm
533 3889 775 3970 Borbororunr
779 3885 956 3990 fervebam
965 3943 978 3980 ,
1006 3885 1049 3966 Εἴ
1065 3913 1143 3966 cnm
1159 3883 1291 3961 milites
1307 3883 1359 3958 od
1371 3909 1512 3960 ananum
1535 3881 1688 3962 (senonis
1705 3879 1828 3976 (Mut-

391 3989 534 4068 ’chionis
544 3991 719 4170 Lutatiae)
731 3989 896 4096 praestdn
919 3990 1102 4090 conscripti
1125 3984 1254 4064 crebra
1281 3983 1501 4088 expeditione
1529 3995 1830 4072 exemerentur,

390 4091 437 4169 θ’
452 4089 634 4172 donativis
648 4121 691 4172 ve
720 4089 931 4171 tributariis
946 4093 1107 4192 praenriis
1123 4092 1240 4166 nunus
1261 4084 1588 4190 oqnonipoffenn
1599 4113 1636 4160 eo
1653 4079 1748 4188 qnod
1756 4082 1833 4152 tri..

390 4189 482 4275 luta
486 4198 614 4300 paffitn
631 4207 854 4306 negarentur
860 4248 874 4287 ,
880 4193 1043 4296 ‚seditioso
1070 4189 1146 4270 odio
1177 4192 1216 4268 in
1243 4187 1418 4271 Geronton
1443 4187 1694 4268 accenduntur.
1746 4182 1831 4259 Rex

1716 4307 1780 4363 va·
