3954 4802
585 310 589 319 ¹
713 335 1022 460 Borrsrerrr.
1075 343 1113 425 τ’.
1524 353 1592 444 17¹

171 493 256 556 ante
277 477 368 558 duos
387 475 592 560 &formiis
613 497 690 560 tres
709 504 822 560 annos
840 481 984 561 Romam
1003 476 1228 585 profestum,
1250 483 1312 562 cui
1329 501 1410 560 cum
1432 482 1624 583 negotium

172 601 216 656 ur
243 579 381 656 endi&
402 584 601 684 expetendi
629 609 650 660 o
675 584 807 660 sirmuro
833 582 1012 664 Pontifice
1048 579 1282 683 Episcopatus
1312 583 1501 682 Pregensis
1520 605 1622 660 com·

171 679 305 758 misum
322 677 433 760 suerit
450 687 517 784 (ut
537 682 612 782 ipse
627 708 712 764 mox
731 685 1011 783 anato20pistola
1039 683 1190 760 testetur
1210 692 1226 775 )
1255 685 1444 784 negotium
1473 684 1547 760 hoe
1565 683 1621 762 illi

169 781 315 858 minime
337 778 505 874 osrotre,
532 780 595 860 sed
616 803 720 885 putre
739 784 963 885 imperari&
987 783 1127 885 imponi
1156 783 1300 884 potuit,
1324 805 1405 861 cum
1420 782 1526 885 prior
1547 784 1619 860 hoc
1652 853 1655 862 .
1719 809 1722 816 ·

171 902 264 958 anno
281 885 421 959 nonnisi
441 886 521 984 post
532 885 616 962 idus
639 885 735 991 Julii
756 888 909 962 habenas
929 887 1088 962 Ducatus
1107 883 1323 964 consecutus
1340 885 1394 969 srt.
1452 887 1501 960 Et
1522 905 1618 963 vero

172 999 314 1080 epatre
338 983 376 1061 id
393 983 447 1061 illi
467 981 668 1080 injunctum
686 979 814 1076 fuisse,
831 989 961 1085 probet
984 982 1145 1084 synodus
1166 987 1238 1062 hoc
1259 1007 1354 1064 enno
1381 982 1537 1064 vivente
1554 983 1619 1061 nd-

171 1083 241 1160 nuc
261 1101 363 1183 parre
378 1085 449 1179 jum
467 1085 511 1162 ud
531 1087 600 1163 XII
617 1089 694 1164 isui.
706 1087 792 1182 maji
811 1089 989 1166 Ravenne
1009 1085 1211 1176 celebrata,
1229 1087 1268 1163 in
1289 1111 1361 1189 qur
1384 1108 1465 1161 cum
1481 1083 1616 1167 Archi·
1740 1103 1743 1110 ¹

170 1182 402 1282 episcopatus
425 1187 745 1287 magdeburgensis
766 1187 921 1288 negotio
936 1187 1035 1264 simul
1053 1185 1321 1264 verosimillime
1340 1182 1441 1264 ceusu
1460 1183 1617 1284 Progen-

169 1284 214 1358 iis
236 1285 425 1360 ventilata.
475 1285 557 1362 Huc
575 1289 714 1367 accedit
732 1289 825 1364 aliud
860 1311 982 1388 uoque
1000 1285 1194 1380 indicium,
1213 1287 1309 1392 quud
1333 1309 1421 1369 mox
1442 1283 1617 1388 sequente
1760 1375 1766 1392 ,Δ

172 1384 400 1484 paragrapho
421 1389 467 1462 eir
481 1387 603 1468 erdem
625 1390 774 1490 epistole
797 1313 1015 1474 adderemus.
1149 1443 1152 1450 -
1269 1393 1274 1404 '
1546 1429 1550 1438 ·
1612 1441 1618 1456 .

285 1585 351 1683 (nr)
379 1583 556 1667 fluaedem
573 1589 790 1691 exemplaria
808 1588 914 1686 hujus
936 1589 1039 1668 bollae
1055 1585 1614 1686 additamhtbentvoeemsiror,

171 1678 248 1759 scil.
269 1701 336 1761 tua
352 1684 509 1764 relativa
517 1693 650 1792 sprot,
676 1715 751 1793 qut
769 1711 845 1769 vox
861 1694 887 1768 [i
905 1694 1120 1792 apographae
1137 1689 1302 1790 epistole.
1317 1687 1450 1764 inserta
1466 1683 1611 1777 fuisset,

169 1785 319 1861 omniuo
339 1785 485 1864 dubium
494 1812 605 1868 omne
620 1791 791 1887 tolleret,
809 1790 1091 1892 inscriptumque
1109 1785 1212 1869 fuisse
1237 1789 1401 1868 Boserlao
1429 1787 1462 1864 ss
1484 1787 1612 1864 mune

167 1877 272 1970 fratri
295 1885 410 1984 pelam
427 1890 638 1970 ostentaret.
687 1891 743 1970 At
765 1895 974 1986 vocesoror
987 1908 1114 1969 carent
1132 1891 1252 1968 omnia
1273 1889 1412 1968 vetuste
1427 1887 1611 1988 exemplo·

166 1983 219 2060 riu
239 1985 392 2077 Cosmae,
412 1987 642 2090 illoqueduo,
667 1993 838 2094 equibus
866 1993 1049 2070 Freherus
1077 1991 1258 2091 duplicem
1286 1986 1381 2066 suom
1410 1987 1609 2066 editionem
1652 2013 1654 2020 ·

1 2159 11 2170 ,
165 2083 374 2175 adornavit,
400 2112 503 2166 curet
531 2091 650 2170 codex
685 2091 916 2186 Dresdensis,
944 2094 1101 2196 aliique,
1132 2091 1195 2208 qni
1224 2088 1401 2169 hodierius
1428 2088 1466 2164 in
1489 2111 1611 2166 monus

163 2207 258 2262 mets
276 2187 507 2284 inciderunt,
525 2210 628 2270 caret
646 2193 756 2270 etiarn
785 2193 942 2274 Pulkava
963 2197 1042 2274 MS.
1063 2191 1287 2295 Morrgnoio,
1315 2189 1611 2290 compluresque.

164 2287 480 2388 compendirtoris
498 2291 664 2398 Prdirerae
680 2290 716 2370 dt
731 2294 986 2374 nonnullorum
1002 2291 1246 2398 posteriorum
1255 2289 1475 2406 exemplaria
1494 2289 1611 2366 omni-

162 2407 213 2462 no
231 2411 360 2467 vocem
368 2393 474 2490 firror
492 2391 667 2482 udieciom
684 2394 837 2483 hubent,
854 2393 919 2472 sed
937 2418 1016 2474 erm
1032 2396 1173 2474 nonnisi
1195 2416 1243 2472 err
1261 2415 1423 2493 margine
1439 2393 1476 2468 in
1494 2388 1608 2490 ipsuin

58 2527 67 2538 ·
166 2503 378 2564 contextum
396 2489 570 2589 irrepsisse
586 2550 598 2583 ,
617 2517 665 2570 ex
682 2492 836 2572 secunde
858 2495 1022 2574 editione
1040 2493 1177 2576 Cosmae
1203 2521 1224 2573 r
1242 2493 1271 2570 F
1271 2495 1408 2572 rehero
1438 2489 1608 2568 adornate
1617 2469 1758 2618 chs'ss'
1771 2473 1846 2560 ‘W

163 2583 354 2692 manifesto
372 2589 509 2692 liquet,
526 2594 586 2668 ubi
603 2595 676 2671 hec
699 2618 774 2674 vox
799 2615 901 2676 extre
918 2617 1130 2676 contextum
1155 2596 1193 2672 in
1211 2596 1374 2769 morpine
1401 2586 1604 2693 speciatur,
1620 2577 1671 2716 ,ἑξ
1689 2579 1770 2624 emm
1802 2577 1838 2644 p.

162 2683 316 2772 ostiolo
334 2689 486 2790 quodam
511 2695 699 2794 opposita,
725 2721 828 2799 quam
862 2697 1044 2796 posterior
1069 2697 1260 2796 imperitus
1304 2693 1402 2772 cribo
1430 2694 1468 2769 in
1494 2689 1608 2792 ipsum
1651 2739 1663 2760 ι

164 2785 323 2886 epistole
346 2807 556 2868 contextum
573 2792 737 2874 inseruit.
787 2797 961 2897 Imperite
980 2795 1155 2875 autem&
1181 2795 1399 2875 inconcinne
1422 2795 1512 2872 hunc
1540 2817 1610 2872 vo-

140 2909 281 2980 ,eeme
309 2891 457 2990 positum
478 2887 606 2997 spisse,
632 2895 707 2995 ipso
723 2898 901 2974 orationis
922 2899 1114 3000 integritus
1138 2897 1342 2998 persuadet.
1395 2893 1608 2974 Quidenim

163 2995 272 3090 epus‘
315 2991 343 3066 't
360 2991 529 3072 Pontifici
547 2998 587 3074 in
606 2995 673 3072 hnc
691 2994 750 3074 suu
767 2997 915 3096 epistola
925 2999 1059 3076 addere
1074 3021 1205 3078 vocem
1218 2995 1606 3090 relatiua‚videlicet‘t

166 3089 257 3166 disier
276 3095 404 3185 nmsra,
423 3095 810 3197 tuarelativasoror?
834 3099 919 3199 quid
937 3101 998 3177 fibi
1015 3101 1093 3180 vult
1114 3122 1191 3178 vox
1220 3096 1419 3202 superflue,
1446 3091 1606 3174 obscuri-

162 3205 348 3291 tatemque
364 3187 533 3274 adserens
549 3196 736 3276 relativa?
763 3221 807 3274 ro
826 3223 900 3276 non
925 3201 1069 3301 potius,
1088 3203 1116 3280 si
1143 3198 1305 3278 sororem
1323 3202 1511 3278 nominare
1539 3219 1606 3274 vo-

159 3284 301 3406 misset,
318 3289 525 3390 legeremus
542 3297 754 3398 simpliciter
770 3299 909 3378 hodie:
940 3302 1032 3378 iilia
1057 3307 1194 3401 nostra,
1216 3304 1397 3400 tuastiror
1419 3301 1439 3376 ἔ
1466 3300 1605 3396 Magno

158 3407 285 3490 rteque
330 3391 468 3470 indicio
510 3397 583 3489 est,
613 3399 706 3478 hanc
748 3422 879 3477 vocem
916 3403 1073 3482 relativa
1107 3401 1205 3479 nude
1247 3405 1399 3503 positam
1441 3394 1603 3497 respice-

1 3593 2 3598 Ν
157 3513 203 3568 re
229 3489 265 3568 dr
303 3487 442 3570 reserri
474 3497 519 3573 ed
544 3521 628 3576 mox
661 3501 928 3602 precedentem
948 3525 1080 3581 vocem
1103 3503 1216 3594 Filia,
1241 3496 1604 3591 udeout,cumPon-

156 3587 253 3684 tifex
272 3593 320 3670 de
338 3593 458 3673 Mladr
478 3593 546 3676 scri
574 3601 616 3678 fit
625 3605 708 3697 filia
723 3605 841 3700 nostra
858 3601 998 3682 scilicet
1013 3601 1229 3707 spiritualis,
1249 3596 1520 3700 huicspirituali
1534 3620 1604 3697 op-

89 3785 96 3792 Ι
157 3691 319 3792 posuerit
335 3697 519 3798 proprium
538 3625 573 3777 ἕ(
589 3705 789 3795 cernelenr,
807 3725 910 3806 quem
929 3705 1121 3785 relativam
1147 3700 1209 3810 seu
1236 3704 1458 3805 respetiioam
1484 3697 1600 3790 dixit,

158 3812 199 3870 ut
217 3815 328 3872 voces
345 3795 408 3872 hus
433 3799 639 3898 promiscue
659 3805 833 3883 adhibitos
853 3805 1003 3884 testetur
1028 3810 1084 3884 Du
1093 3811 1218 3904 Gange
1238 3803 1275 3880 in
1295 3796 1483 3882 Glossario.
1510 3801 1600 3876 Sen-
1663 3855 1666 3864 .
1821 3839 1837 3854 ··

154 3891 212 3972 sus
230 3893 352 3996 itaque
369 3899 498 3978 horum
517 3906 713 3984 verborum
735 3909 808 3984 est:
838 3906 928 3984 Filia
953 3903 1299 4012 nmiraspirirualir,
1326 3923 1392 3982 tua
1415 3902 1600 3994 relatiua,

141 3997 208 4098 stu
227 4013 271 4072 ut
286 3997 385 4076 hodie
400 4000 571 4096 deintus,
587 4012 738 4111 propria
756 4009 800 4088 ΕΤ
824 4007 979 4087 carnalis
987 4012 1071 4106 filia
1087 4015 1222 4088 nomine
1239 4006 1367 4086 Mlnda
1382 4004 1458 4084 &a
1509 4001 1602 4081 auo
1724 4011 1727 4018 ’

154 4095 257 4176 sensu
278 4101 426 4180 omnino
443 4103 630 4220 epistolam
648 4113 739 4189 hunc
758 4109 802 4188 ad
821 4125 983 4212 patrem,
1001 4135 1075 4190 non
1094 4109 1242 4191 fratrem
1260 4109 1406 4204 Mludae,
1432 4105 1600 4206 scriptum

156 4195 283 4296 fuisse,
304 4199 550 4306 cognoscitur.
605 4211 692 4316 er
708 4235 801 4294 vero
821 4235 903 4395 epm
922 4216 1383 4324 eternosspiscoprtuum,
1402 4205 1601 4328 presertim

900 4341 928 4418 2
1509 4331 1561 4392 ru.
