3894 4800
394 355 445 446 58
556 363 560 378 '
779 431 783 442 ,
920 347 1090 432 Annus
1129 351 1207 454 946

273 573 276 578 ,
345 495 462 591 misst,
487 489 658 596 implevit.
712 489 808 572 Nam
828 511 984 599 nepotem
993 497 1125 597 strum,
1151 500 1212 604 qui
1229 521 1279 574 ex
1296 489 1455 574 omnibus
1464 484 1685 596 principibus
1697 515 1790 598 gen·

344 595 399 672 tis
410 595 629 696 strperernt,
650 593 745 692 adst
770 599 932 674 invitans
949 595 1025 672 dolo
1040 623 1090 674 ¹cn
1111 613 1189 674 tum
1204 601 1412 696 interfecit,
1440 587 1625 700 urbemque
1641 619 1789 668 cuntra-

340 701 448 802 gimre
467 693 595 794 ditioni
617 694 907 806 regisktraaidit.
971 617 1166 874 Quolitdio
1192 709 1308 775 onrnes
1335 691 1499 774 barbarea
1513 698 1673 769 notiones
1691 693 1792 800 apsque

346 801 387 873 in
409 795 844 902 Oderamfluvinmfimili
870 796 971 873 otrodo
1001 802 1056 873 tri
1080 800 1154 874 utis
1181 795 1359 916 regalibus
1360 799 1402 898 se
1412 791 1668 911 fitbjugnrunt.
1730 799 1788 874 De

347 898 421 976 hoc
446 893 682 974 Hevellorum
707 900 768 974 seu
795 897 1085 973 Ztodoranoruur
1118 897 1288 997 Principe
1315 895 1494 997 'l‘ugumir
1517 893 1649 991 JamP.
1666 893 1728 978 lll.
1747 891 1795 972 ad

107 1085 111 1092 ,
346 1019 479 1073 aunum
498 1004 575 1094 926
596 1021 631 1094 p.
650 1019 740 1091 541·
755 998 919 1097 egimus,
953 997 1015 1074 ubi
1049 997 1292 1095 probabilibus
1321 995 1542 1096 argumentis
1568 993 1792 1072 ostendimus

217 1125 221 1134 ¹
332 1119 432 1172 eum
451 1097 671 1174 Drabomirae
691 1096 751 1172 seu
798 1116 911 1172 utrem
928 1095 991 1174 seu
1011 1092 1182 1188 fratrem,
1203 1123 1244 1176 ac
1267 1097 1423 1198 proinde
1453 1093 1610 1177 Bnleslri
1629 1092 1793 1172 nostria-

189 1249 192 1256 ,
286 1218 433 1298 „vum
451 1215 511 1272 aut
526 1198 742 1273 avunculum
759 1121 875 1272 little.
926 1197 1012 1273 Nou
1030 1221 1120 1274 vana
1136 1199 1238 1274 ifflric
1257 1193 1468 1291 conjettura
1486 1191 1817 1292 assequimurcsu-.

346 1294 434 1387 sam,
449 1318 515 1370 eur
535 1295 725 1373 tamdiuab
746 1299 853 1396 ipfius
871 1296 1026 1372 Hernici
1042 1299 1152 1372 nucu
1180 1298 1210 1372 is
1231 1298 1363 1373 ultimis
1375 1297 1521 1394 Imperii
1532 1295 1633 1371 annis
1643 1294 1684 1370 ud
1693 1290 1789 1372 hune'

347 1393 460 1497 usque
481 1415 610 1471 annum
629 1398 793 1495 captivus
814 1395 909 1510 apud
932 1397 1112 1472 Ottonem
1144 1321 1315 1473 (intentus
1344 1395 1478 1485 firerit,
1506 1393 1646 1471 scilicet
1672 1412 1713 1470 ut
1739 1417 1789 1470 ne

348 1491 504 1573 dimissus
524 1495 846 1668 Boleslaicolguatr
868 1493 917 1570 sui
937 1513 1059 1594 partes
1084 1513 1264 1574 tueretur.
1333 1497 1381 1572 Et
1400 1505 1490 1571 vero
1518 1517 1599 1570 cum
1617 1497 1689 1572 hoc
1707 1493 1788 1594 ipso

347 1619 444 1674 anno
462 1591 629 1670 facinore
648 1593 711 1670 sub
748 1619 894 1671 ummam
912 1596 1060 1696 gratiam
1079 1593 1232 1672 Ottonis
1248 1613 1442 1696 aucupatus
1460 1597 1522 1684 lit,
1543 1593 1693 1669 alterum
1703 1617 1792 1670 con·

305 1691 315 1714 ⁸
343 1696 463 1793 jicere
482 1692 535 1770 sas
555 1695 628 1788 est,
647 1719 729 1770 eum
748 1695 881 1772 nullum
900 1718 974 1770 nou
1001 1689 1152 1771 mouille
1170 1696 1340 1796 lapidem,
1358 1713 1399 1770 ut
1416 1693 1598 1772 Ottonem
1621 1692 1790 1771 Boleslao

347 1797 583 1884 conciliaret,
613 1791 877 1896 posteriorique
901 1797 1029 1871 author
1048 1789 1137 1872 esset
1155 1798 1198 1872 ad
1217 1797 1314 1896 pacis
1339 1793 1569 1872 conditiones
1594 1795 1793 1886 ineundas,

288 1915 295 1930 “
347 1921 435 1998 quas
459 1879 663 2068 paulopost
679 1893 877 1972 Boleslaum
896 1895 1106 1971 meditatum
1125 1891 1262 1986 fuisse,
1277 1920 1323 1972 ex
1343 1895 1433 1972 datis
1461 1893 1637 1971 obsidibus
1654 1895 1787 1998 liquet,

349 2017 442 2098 quos
460 2016 553 2070 anno
587 2015 747 2094 equeme
767 1994 901 2074 Ottoni
921 1995 1035 2087 misrt,
1055 2011 1096 2070 ut
1114 1993 1176 2072 suo
1196 1993 1283 2076 loco
1302 1994 1516 2073 videbimus.

551 2858 603 2946 lai
630 2858 681 2947 ad
703 2857 973 2972 praebenduur
1007 2861 1174 2948 consilia
1216 2863 1412 2978 evocati,
1448 2859 1597 2977 quibus
1631 2857 1788 2972 potissi·

551 3023 666 3084 mum
700 2995 898 3085 remediis
927 2993 1118 3088 Ducalus
1151 2995 1365 3090 Bohemira
1398 3001 1511 3116 plura
1543 2996 1785 3092 divitiarum

116 3201 178 3281 a„
213 3224 220 3241 ,
293 3215 320 3280 Β
351 3135 771 3254 incrementncapere
792 3131 949 3250 pollit,
986 3115 1170 3228 unanimi
1191 3134 1398 3230 sententia
1425 3134 1582 3230 suasere
1603 3099 1800 3252 Principi

121 3217 347 3406 parmai
355 3275 633 3365 excutiendos
649 3271 733 3366 elle
757 3293 929 3366 veteres
946 3274 1070 3366 fastos
1103 3296 1230 3393 atque
1266 3277 1475 3394 historias,
1504 3277 1549 3368 in
1571 3279 1705 3394 iisque
1724 3275 1785 3363 inss

121 3389 349 3538 :mim
355 3413 629 3534 quirendum,
665 3414 765 3532 quid
786 3414 889 3503 olim
925 3417 1057 3532 prima
1078 3411 1279 3534 Princeps
1296 3415 1464 3508 Libulsa
1486 3446 1581 3511 cum
1605 3413 1784 3528 conjuge

120 3556 187 3628 ⁶5¹·
227 3623 236 3641 .
348 3553 423 3648 suo
447 3550 705 3646 Przemislao
728 3554 781 3643 de
805 3551 1080 3647 subterraneis
1106 3560 1195 3647 auri
1219 3557 1466 3676 argentique
1495 3555 1693 3647 thesauris
1717 3581 1787 3643 va·

291 3765 295 3772 .
344 3695 483 3788 tidico
518 3721 594 3784 ore
627 3691 879 3812 praedixisset
911 3695 1171 3814 posterisque
1199 3678 1281 3784 suis
1313 3691 1556 3787 tradidisset.
1594 3679 1648 3780 (θ)
1673 3689 1786 3783 Nam

350 3827 651 3928 Praemislaum
675 3834 814 3926 orinia
836 3837 880 3925 dc
912 3835 1065 3948 singula
1087 3835 1319 3950 charadtere
1347 3832 1507 3926 slavieo
1530 3862 1605 3952 per
1632 3825 1786 3924 scribas

349 3967 446 4066 suos
466 3972 690 4086 diligenter
708 3963 931 4070 adnotasse,
982 3955 1035 4100 sb)
1072 3971 1178 4064 Hac
1212 3973 1340 4098 igitur
1371 3974 1568 4067 industrie
1589 3970 1784 4067 Boleslao
1861 4047 1867 4052 .

351 4107 436 4208 esse
458 4103 700 4235 spendida,
720 4141 743 4206 a
766 4139 946 4264 quorum
967 4111 1262 4238 prosecutione
1284 4141 1390 4236 opes
1421 4115 1465 4211 &
1495 4113 1675 4214 felicitas
1695 4105 1786 4228 Do·⁸

1596 4261 1714 4354 catus

348 2714 683 3077 Divislaus
704 2704 1090 2834 aliique'pruden'tia
1103 2691 1350 2841 ‘praestantes
1378 2722 1459 2811 viri
1481 2701 1620 2810 edisio
1641 2713 1790 2810 Boles·
