3914 4822
677 316 919 397 dottsttr
954 333 997 393 11.
1054 321 1123 400 18·
1505 333 1582 416 309
1645 354 1673 402 ·.

152 458 319 550 tenebat,
337 452 524 560 cepisse&
562 457 790 557 destrantilse,
817 457 1013 542 Canonicis'
1028 458 1160 540 ibidem
1182 455 1252 538 XII
1269 455 1398 556 locatis
1422 451 1604 536 &fundas

153 562 213 638 tis.
264 559 304 641 Id
327 559 432 638 Note
450 585 496 641 ex
514 563 653 640 Aloldo
666 563 736 658 jam
758 565 803 642 td
821 587 949 642 annum
971 573 1048 670 980
1066 559 1123 638 his
1152 559 1275 640 verbis
1299 554 1490 638 referunt:
1514 557 1603 636 liu·

142 659 272 765 polesot
298 667 446 760 crpitum
472 665 623 742 Medilik
649 665 827 762 dessrnciis
851 666 1083 769 narniniensis
1098 665 1264 740 mutavit
1292 662 1332 738 t'u
1353 661 1541 769 Codegittm
1558 657 1604 740 ss

151 760 339 865 templum,
359 762 419 842 ubi
432 765 540 872 larga
556 793 663 844 matta
672 769 746 868 soa
755 768 880 872 plures
902 767 1091 850 Canonicnr
1113 767 1283 861 instituit.
1362 761 1444 840 Hoc
1470 761 1606 860 corpsldt

151 861 353 971 religionem
370 865 415 946 Εἴ
427 887 550 968 pacem
557 871 727 962 firmassit
737 893 748 944 ε
755 865 830 962 fibi
848 896 933 946 vero
952 867 996 944 θ’
1005 865 1239 970 posterisfitt‘s
1255 859 1535 968 bttjttsmorcbiae
1543 861 1608 938 do-

151 967 326 1045 orinatum
333 965 540 1069 stabilivit..
581 968 746 1064 Denique
765 965 945 1048 tbbnestit
961 967 1135 1046 Rotulum
1156 967 1395 1056 decimarum,
1415 965 1612 1065 quemhoe
1699 1028 1702 1038 .
1738 1041 1746 1050 „

150 1087 326 1146 annorum
354 1067 514 1150 confinio
546 1069 583 1146 in
611 1068 748 1170 triplici
777 1071 930 1168 Synodo
958 1069 1154 1172 Piligtinus
1165 1065 1365 1168 Episcopus
1385 1065 1602 1144 Patavienstt

152 1161 334 1258 confecit,
361 1194 408 1250 etc
426 1195 499 1272 quo
516 1170 651 1246 clarum
670 1167 737 1260 sit,
764 1169 958 1270 Hungoros
975 1171 1045 1267 jam
1066 1169 1160 1246 oltra
1179 1175 1425 1270 comagenam
1440 1183 1602 1252 montem

100 1285 107 1296 '
150 1259 256 1342 sitisse
274 1291 436 1350 remotos
452 1269 512 1349 seu
528 1271 567 1348 vi
583 1293 760 1348 armornm
772 1269 977 1372 Leopoldi,
1000 1269 1060 1348 seu
1077 1289 1179 1345 certe
1189 1270 1310 1346 Geizae
1325 1265 1603 1373 spontanerces-

152 1369 278 1458 fione,
299 1372 417 1448 Princi
443 1393 501 1449 um
510 1371 713 1448 vicinorum
734 1371 901 1471 pacem&
919 1373 1110 1448 amicitiam
1130 1370 1339 1451 anhelantis.
1389 1369 1446 1448 Etr
1463 1391 1537 1469 quo
1546 1371 1603 1472 ip-

153 1463 194 1540 so
211 1483 280 1580 tam
300 1397 464 1551 dioeceis
484 1472 719 1567 Pataviealis,
739 1493 843 1571 quam
862 1472 1030 1550 Moechiae
1041 1472 1227 1549 orientalis
1245 1472 1335 1548 lines
1356 1472 1604 1555 ennltetsDa-

152 1567 253 1646 numi
277 1573 355 1676 ripa
372 1573 496 1652 versus
517 1573 716 1651 Morrvism
735 1593 931 1663 eruuntur,
959 1574 1152 1674 dequibus
1169 1573 1237 1668 jam
1257 1570 1535 1674 snpra..egimus.
1555 1573 1604 1650 Et
1641 1571 1724 1640 tna.
1737 1574 1838 1648 Peon

152 1689 350 1781 quanquam
368 1697 415 1752 ex
432 1674 586 1754 Ottonis
603 1675 652 1753 111
673 1673 866 1774 diplomate
878 1674 961 1751 dato
979 1695 1079 1752 anno·
1095 1685 1170 1776 985
1181 1675 1348 1752 testatum
1366 1669 1451 1766 list,
1471 1653 1651 1760 Osset-T*
1670 1659 1794 1750 sou
1887 1691 1897 1720 ⁸

154 1771 304 1852 neniam
323 1781 394 1855 hoc
416 1796 580 1877 tempore
600 1771 701 1853 serto
719 1773 754 1851 dt
772 1775 859 1876 igne
871 1775 907 1850 in
929 1797 1006 1852 esm
1027 1772 1253 1857 solitudinem
1276 1769 1459 1852 redsslam
1477 1770 1601 1868 fnisse,

153 1886 198 1980 nt
214 1871 341 1984 absque
358 1875 566 1956 habitatore
584 1875 890 1978 terrofilitudne
917 1877 1062 1976 albescat
1073 1875 1400 1978 ‚tentenLiupoldi
1418 1877 1604 1966 Moschio-

151 1989 208 2045 ms
225 1977 394 2058 industris
408 1977 480 2076 jam
497 2001 654 2086 queque
670 1978 775 2055 isthic
792 1977 925 2076 oppido
945 1979 1112 2072 condite,
1141 1979 1292 2056 colonos
1317 1973 1511 2071 indusios.
1538 2003 1601 2079 pn·

150 2088 291 2182 sosque
318 2081 529 2174 institutos,
572 2099 620 2186 ex
658 2078 910 2183 diplomatibus
939 2095 1153 2190 ¹temporum
1191 2081 1341 2164 illosum
1377 2075 1624 2168 araneosa·

149 2187 204 2250 nt.
262 2181 268 2193 '
735 2225 737 2232 -
936 2233 942 2244 .
1413 2237 1417 2248 .

170 2315 1599 2492 mnemoomnemaomennnmsomoooosmoe
1681 2501 1689 2510 ,

565 2587 1188 2734 ΑΝΝΗ89Ὴ.
1350 2581 1354 2590 ’
1580 2595 1586 2602 ’

271 2849 356 2926 atta
375 2813 588 2950 superiore
613 2857 720 2920 anno
742 2811 1041 2925 Asatberii'ta
1069 2821 1159 2920 'aubi
1192 2821 1362 2922 Ce's'aris
1394 2821 1599 2955 'emistims-

150 2829 268 3190 P
306 2974 371 3066 tio
393 2991 557 3064 matum
579 2972 686 3088 apud
706 2965 1096 3085 Bohemos-vtlnit‚'
1117 2989 1165 3064 ut
1188 2987 1479 3067 revertentem
1490 2964 1597 3058 soni-

11 3222 16 3234 g
306 3113 367 3205 nti
390 3111 605 3226 infimique
623 3113 817 3207 niaximis
839 3111 998 3208 letitiae
1025 3113 1247 3236 cultusque
1271 3109 1408 3226 sagnis'
1427 3135 1598 3228 accepe-

1 3245 2 3248 ‘
149 3255 267 3367 rint,
307 3258 389 3342 hoc
409 3245 537 3339 unum
558 3269 753 3344 orantes:
787 3256 954 3350 duraret
978 3249 1203 3370 deinceps,
1235 3275 1374 3370 neque
1396 3267 1481 3342 tam
1504 3277 1598 3340 cre·

54 3481 59 3488 .
149 3394 239 3487 bris
259 3413 318 3484 ex
338 3389 468 3507 patria
490 3389 808 3502 migrationibus
833 3393 1151 3493 execrationem
1175 3391 1409 3484 Bohetoico
1428 3387 1598 3494 ,nomini

148 3539 261 3628 inter
284 3549 437 3648 gentes
457 3547 627 3622 exteras
651 3529 812 3648 cieret,
846 3534 1082 3627 habiturum
1104 3536 1269 3652 posthac
1287 3529 1593 3648 obsequentem

151 3701 323 3790 gregem
351 3691 479 3790 atque
499 3669 570 3762 vel
596 3671 719 3764 notui
738 3677 975 3790 parentem.
1083 3669 1239 3768 Praesnl
1263 3675 1307 3766 st
1332 3673 1594 3766 constantem

148 3809 440 3936 praesentiam,
478 3813 522 3904 st
563 3813 831 3906 clementiam
874 3815 992 3906 fimul
1027 3813 1453 3932 benedimionemque
1494 3811 1597 3903 coeli

1 3971 2 3974 ‘
148 3955 334 4046 libenter
366 3974 415 4041 ea
434 3953 531 4076 lege
552 3959 771 4076 precatus,
790 3953 1121 4074 pollicitusque,
1156 3957 1286 4048 modo
1315 3981 1417 4072 pure
1439 3949 1595 4046 sande·

150 4121 235 4218 que
253 4093 458 4186 Christum
479 4095 682 4190 colerent.
764 4091 926 4200 Quodsi
949 4121 1082 4215 veto,
1110 4097 1272 4219 inquit,
1293 4097 1344 4188 ab
1368 4094 1494 4189 avitis
1528 4121 1592 4184 er·-

1030 4269 1033 4276 ’
1467 4271 1535 4336 to-
