3914 4822
429 333 510 435 3⁴36
891 335 1133 419 &brimus
1161 347 1250 440 989.

374 469 547 570 noriam,
575 469 675 578 quod
689 475 734 554 de
754 479 972 557 Drubomirae
985 503 991 511 ·
1004 473 1122 557 srbtre
1135 469 1354 580 'Tugumiro
1386 473 1634 558 Heueldomm
1662 475 1723 557 seu
1738 482 1835 560 Zto-

374 581 591 658 doranorum
617 579 817 698 Principe,
843 583 897 658 rc'
919 580 1075 684 proinde
1111 581 1266 660 Boleslui
1296 581 1350 658 Pii
1383 581 1669 658 avunculorum
1701 583 1835 660 ecdem
1939 633 1941 650 ι

373 683 482 759 Parte
507 682 711 757 tumetium
738 685 840 782 lupre
858 683 901 759 ad
919 707 976 759 an.
998 703 1072 785 945
1095 681 1262 761 diximus.
1325 681 1445 778 Hujus
1473 682 1670 782 Tugomiri
1689 710 1710 760 u
1728 707 1835 761 com-

262 833 272 856 .
372 781 536 884 pluribus
554 781 624 878 jem
647 784 749 858 annis
772 783 810 858 in
830 783 989 862 historiis
1010 807 1083 859 non
1102 783 1251 883 amplius
1264 782 1304 860 fit
1313 784 1471 873 mentio,
1499 801 1542 860 nt
1550 779 1614 859 seu
1625 782 1722 858 illum
1733 809 1835 862 mor-

372 903 475 961 tuum
497 883 659 974 interea,
680 882 743 960 seu
761 880 989 984 superiorum
1009 907 1186 961 annorum
1202 880 1558 961 bellisintersedlum
1579 878 1684 959 fuisse
1695 879 1834 964 summe

372 987 419 1064 sit
437 985 634 1076 credibile,
662 1011 703 1062 ac
721 986 876 1086 proinde
895 987 1028 1064 caduce
1045 985 1237 1086 provincia
1256 988 1299 1063 ad
1318 986 1519 1086 proximum
1540 1002 1707 1084 agnatum
1719 1041 1730 1075 ‚
1744 1011 1836 1087 pro-

374 1109 624 1188 nepotemque
653 1109 701 1163 ex
722 1089 846 1162 sorore
866 1086 1066 1164 boleslaum
1086 1085 1188 1164 Pium
1203 1086 1285 1180 jure
1306 1084 1534 1163 hereditario
1556 1087 1837 1176 reciderit,nifi

378 1189 504 1264 dicere
521 1187 712 1263 malimus:
742 1189 988 1265 Dralrornirrm
1001 1186 1154 1264 boleslai
1176 1187 1230 1262 Pii
1249 1187 1364 1264 avieni
1384 1209 1562 1287 quusquas
1587 1187 1727 1264 demum
1758 1206 1835 1267 ter.

374 1311 432 1364 ras
452 1307 515 1366 eut
532 1283 761 1394 polselsmnes
780 1289 836 1364 his
858 1290 1052 1388 regionum
1069 1285 1276 1366 conliuiisr
1297 1307 1399 1388 putre
1415 1305 1478 1366 rut
1504 1305 1622 1364 matre
1641 1289 1835 1369 heredite-

374 1407 415 1464 te
434 1385 630 1488 accepisse,
658 1413 747 1488 quos
773 1389 835 1466 illa
859 1391 988 1464 eodem
1016 1389 1102 1483 jure
1125 1388 1170 1465 ud
1192 1387 1325 1479 lilium,
1357 1407 1607 1488 nepotemque
1628 1389 1831 1468 boleslaum

378 1489 481 1566 Pium
498 1487 730 1589 trmrscriplit.
782 1490 857 1567 Hos
877 1513 1056 1597 quosquos
1077 1489 1220 1593 demum
1241 1485 1470 1589 possessiones
1492 1507 1553 1566 aut
1568 1509 1684 1566 terras
1704 1493 1829 1592 (quod

374 1591 501 1667 incole
523 1613 747 1667 communem
767 1587 904 1667 causam
924 1591 1005 1668 cum
1025 1591 1142 1668 slavis
1162 1589 1308 1667 'ceteris
1337 1590 1627 1690 Aquilonaribus
1649 1595 1798 1690 egerint
1816 1599 1837 1698 l

376 1714 520 1793 nupero
539 1691 633 1768 bello
654 1692 815 1782 domuit,
844 1692 1072 1793 expugnavit
1092 1692 1363 1792 occupavitque
1382 1693 1481 1770 Otto
1502 1715 1585 1768 cum
1607 1691 1830 1790 ¹Misecone,

376 1793 514 1892 er’sque
533 1793 802 1869 verosnnillime
829 1791 927 1870 Otto
955 1791 1133 1874 Miseconi
1174 1792 1213 1867 in
1244 1792 1508 1892 proprietatem
1536 1789 1730 1885 concedit,
1771 1795 1836 1873 seu

378 1915 482 1970 certe
499 1891 638 1970 Miseco
657 1891 911 1970 consentiente
930 1895 1074 1974 Ottone
1094 1893 1293 1970 ditionibus
1323 1889 1393 1969 suis
1416 1893 1645 1994 imperioque
1669 1893 1828 1989 subjecit.

378 1995 497 2071 (duod
513 1995 834 2072 omniuo⁸Boleslei
854 1997 964 2072 nostri
987 1996 1113 2091 justam
1136 1994 1311 2070 ultionem
1336 1999 1411 2070 ¹non
1430 1994 1550 2092 potuit
1582 2014 1654 2070 non
1673 1993 1825 2095 exuspe-

375 2117 480 2183 rare,
508 2113 551 2172 ut
569 2096 632 2170 ille
641 2119 714 2172 non
727 2099 833 2172 modo
852 2121 946 2172 anno
964 2093 1137 2195 presente
1156 2094 1381 2176 Miseconem
1397 2095 1494 2171 bello
1513 2094 1729 2184 lacessiverit
1744 2093 1832 2186 ,sed

374 2195 482 2271 etiam
501 2219 596 2272 antio
619 2195 793 2294 sequente
820 2195 993 2273 ariversus
1015 2195 1197 2275 Ottonem
1216 2219 1313 2272 orma
1331 2196 1582 2296 prehenderit.¹
1633 2198 1675 2273 ld
1697 2215 1832 2283 rorum,

375 2297 478 2396 quod·
495 2297 660 2397 proieci,
683 2296 732 2374 set
751 2285 972 2374 manifestum
989 2295 1154 2373 redditur
1178 2317 1226 2372 ex
1245 2295 1313 2388 iis,
1341 2320 1417 2398 quae
1435 2319 1530 2377 anuo
1547 2293 1720 2396 sequente
1742 2322 1833 2375 cou-

376 2399 521 2498 tigere,
549 2417 657 2496 etque
677 2425 698 2479 a
717 2395 877 2474 Ditmaro
900 2396 1059 2474 lideliter
1076 2393 1299 2498 copioseque
1318 2416 1550 2484 enarrantur.
1599 2395 1832 2499 NemBoles·

374 2499 422 2577 lai
443 2497 498 2576 Pii
515 2499 707 2598 expeditio
726 2496 899 2597 sequente
911 2521 1006 2576 enno
1027 2523 1108 2575 cum
1118 2498 1353 2576 auxiliaribus
1372 2499 1566 2576 anticorum
1585 2495 1728 2576 snorum
1741 2499 1831 2576 Lni-

374 2603 546 2678 ticiorurn
566 2601 681 2698 copiis
701 2602 740 2677 in
752 2603 825 2678 lraec
837 2599 1027 2702 regionum
1045 2598 1199 2678 considio
1220 2603 1393 2677 adornate
1413 2597 1495 2692 suit,
1509 2601 1665 2700 primum
1680 2601 1828 2700 quidem

375 2701 547 2782 adversus
566 2701 719 2778 Otronis
740 2703 966 2792 exercitum,
994 2725 1076 2778 cum
1092 2725 1165 2800 quo
1181 2700 1250 2797 jam
1268 2702 1339 2798 jum
1360 2701 1567 2794 decretorio
1588 2725 1709 2803 pugne
1725 2702 1828 2778 dimi-

375 2823 523 2882 caturus
541 2803 723 2882 Boleslnus
750 2804 933 2878 consilium
952 2805 1049 2900 pacis
1067 2801 1189 2878 anione
1208 2802 1382 2893 mutavit,
1403 2827 1444 2882 ec
1468 2804 1613 2881 mitiora
1639 2803 1827 2904 amplexus

375 2908 413 2983 id
440 2905 548 2981 solnm
567 2930 588 2979 a
609 2903 834 3002 Principibus
855 2903 994 2980 bellicis
1015 2903 1315 3004 Ottonispetiit:
1342 2921 1384 2980 ut
1397 2907 1516 3004 ficum
1543 2906 1596 2980 ad
1619 2907 1824 3004 Mffeconrm

365 3023 593 3112 pergerent,
632 3005 676 3078 Εἴ
709 3008 747 3078 in
773 3005 993 3096 restituendis
1014 3007 1148 3102 strinzet
1174 3003 1278 3081 rebus
1302 3005 1342 3105 se
1373 3006 1470 3108 apud
1495 3010 1699 3107 Mficonem
1722 3007 1822 3110 arffirt·

332 3149 336 3156 ·
376 3104 877 3203 varent‚inquitl)itmn1·us.
929 3105 1086 3205 ldiplitm
1107 3103 1191 3180 dein
1210 3127 1289 3180 cum
1308 3106 1436 3182 iisdem
1465 3109 1625 3186 Ottonis
1648 3107 1823 3208 Principi-

375 3211 441 3285 bus
462 3207 505 3281 od
523 3205 689 3282 Odorem
716 3203 868 3281 fluvium
895 3207 1050 3282 veniens
1082 3227 1150 3306 per
1176 3207 1333 3304 legatum
1355 3203 1456 3284 suurn
1481 3208 1660 3288 Miseconi
1677 3211 1822 3288 nunciu-

378 3309 456 3386 vit:
483 3325 528 3385 ut
545 3337 695 3416 regnum
706 3302 779 3405 fibi
797 3304 957 3387 ablatum
976 3308 1151 3385 redderet.
1205 3307 1321 3387 (duod
1345 3337 1497 3416 regnum
1522 3309 1585 3389 seu
1594 3311 1822 3414 provincius»

144 3393 637 3541 wsm3·{·tereditarian1
655 3416 676 3510 (
687 3409 982 3510 quemadmodum
1001 3431 1130 3488 vocem
1151 3411 1243 3488 hunc
1263 3411 1500 3490 DuFresnius
1512 3437 1561 3491 ex
1576 3413 1740 3514 Legibus
1765 3415 1819 3489 A·

146 3489 277 3631 {2⁹7⁹}ss
295 3574 314 3628 2
333 3503 634 3629 ‘'c''lemannicis&
654 3511 855 3610 anwericir
872 3510 948 3586 rite
966 3509 1156 3616 explicat)
1174 3509 1392 3590 allisecone
1402 3515 1567 3618 Rolesluo
1575 3517 1701 3592 nostro
1712 3537 1822 3614 erep-

150 3657 238 3739 ¹⁰4
251 3609 283 3726 μ’
316 3610 325 3635 '
359 3607 449 3696 'tem
473 3619 533 3695 ubi
558 3638 734 3718 querum,
767 3637 873 3713 quam
899 3613 1003 3691 isthic
1030 3616 1069 3692 in
1095 3614 1279 3693 hodierne
1308 3617 1583 3718 Brurulebnrgiae
1607 3617 1819 3716 regionibus

377 3721 470 3820 apud
489 3718 693 3794 Helveldos
712 3716 953 3809 &Luiticos,
980 3741 1054 3794 non
1081 3716 1246 3793 invenio.
1323 3717 1415 3794 Nam
1441 3720 1612 3820 quidquid
1641 3739 1819 3796 ter-mrum

374 3823 415 3898 vi
438 3817 602 3898 boleslao
623 3835 788 3920 ereptum
806 3821 880 3910 est,
900 3819 938 3894 id
961 3820 1025 3895 vix
1044 3821 1188 3920 quidem
1209 3817 1419 3921 contiguum
1442 3821 1619 3898 Bohemiae
1645 3839 1709 3898 aut
1739 3823 1823 3896 Mo-

375 3924 507 4011 nunio,
527 3922 639 3997 multo
672 3921 787 3996 minus
820 3921 1046 4024 perreliqua
1073 3921 1218 3997 illarum
1235 3923 1426 4021 regionum
1439 3920 1519 3998 ,else
1540 3917 1685 4025 potuit,
1714 3921 1821 4000 secus

374 4022 547 4127 sequente
564 4047 659 4126 mino
675 4020 801 4122 procul
819 4021 930 4099 dubio
946 4024 1049 4102 isthic
1067 4021 1218 4100 Boleslni
1237 4024 1422 4116 exercitus
1446 4017 1564 4104 suillet
1583 4022 1824 4102 conservatus

272 4195 281 4209 .
374 4131 419 4209 sd
440 4127 617 4209 uterium
642 4116 701 4205 sue
728 4125 934 4223 sinendum,
961 4125 1026 4204 seu
1058 4143 1160 4206 certe
1187 4120 1304 4206 uuile
1331 4123 1586 4220 vindicandum
1609 4183 1623 4226 ,
1650 4127 1713 4306 sep
1738 4148 1823 4206 cum

879 4273 883 4282 .
1280 4271 1286 4278 .
1702 4251 1771 4308 on·
