3894 4800
638 363 647 374 ⁴
700 353 947 444 Borrsrsr
976 374 1009 437 r.
1196 441 1200 450 ,
1474 383 1539 460 27-

136 497 291 601 proinde
312 496 501 577 Balbinusr
536 495 739 576 Triennium
756 527 858 606 eoque
882 497 1029 602 argestes
1048 493 1165 576 Sandii
1190 497 1367 576 Ducitur
1387 499 1589 606 Martyris
1616 505 1696 591 Epio
1706 507 1727 578 1.
1739 515 1811 580 mc

4 613 5 618 '
137 620 261 704 eorpus
272 599 475 678 Boleslauiae
483 595 680 676 habitauit.
709 603 800 678 Cum
808 599 904 679 enim
922 599 1108 676 translatio
1118 595 1178 674 sub
1188 621 1255 677 ver
1274 601 1483 700 primosque
1494 603 1623 679 dies¹²

136 701 265 776 Martii
283 699 480 776 reciderit:
491 699 607 776 miuus
626 697 733 776 reme
751 695 967 779 aucteribus
979 718 1047 802 per
1065 714 1128 776 out
1150 702 1227 801 post
1242 717 1320 776 tres
1336 725 1446 778 annos
1463 698 1576 802 scrip-
1659 714 1661 718 ’

136 819 212 878 tum
231 795 380 890 fuisset,
407 821 486 876 nam
508 799 545 874 iu
563 821 607 876 ee
625 795 870 878 sententiare
914 797 1032 876 uidem
1057 796 1277 876 semitertius
1302 821 1412 876 onnus
1432 799 1574 902 elapsus

134 894 279 992 fuisset,
305 899 349 976 ad
367 922 476 999 quem
495 897 723 976 iudicandum
743 823 998 1001 proculdubio
1015 900 1125 976 iidem
1146 900 1270 976 verbis
1290 898 1369 976 aliis
1386 906 1582 980 terricum.

132 1027 178 1078 no
190 1018 264 1078 'aot
284 1004 491 1077 intertium
510 999 728 1075 hmilibusve
754 1004 806 1079 ufi
831 994 991 1078 fuissent.
1068 1000 1124 1075 De
1149 999 1217 1078 hec
1235 999 1473 1078 translatione
1491 1025 1574 1081 cum

132 1097 317 1199 Hagecius
329 1098 399 1196 jam
418 1101 463 1177 cd
479 1121 609 1176 annum
645 1113 700 1197 '32
720 1103 867 1200 egerit,
892 1119 1033 1200 nosque
1053 1097 1186 1176 ibidem
1212 1098 1375 1193 ejusdem
1394 1104 1574 1182 serratim·

134 1221 202 1286 nes
221 1224 267 1276 ex
281 1199 530 1276 veterioribus
554 1127 869 1292 illuffraverimus,
896 1198 1307 1300 emendaverimusque,
1331 1201 1375 1280 ad
1403 1223 1486 1279 eum
1512 1225 1574 1280 au·

135 1321 222 1374 num
237 1295 436 1402 Ledlorem
455 1300 681 1382 remittimus.
836 1331 840 1338 ·
1175 1327 1178 1334 ’

216 1551 226 1558 -
246 1497 308 1577 Ill.
331 1497 395 1576 Ad
412 1519 537 1576 aunum
555 1485 832 1598 huncverisqbe
849 1495 1036 1577 exordium
1047 1492 1184 1576 Pcffine
1198 1512 1267 1573 tom
1278 1497 1570 1597 Boleslai,quam
1579 1521 1802 1609 mumspffl,

133 1596 262 1674 uxoris
282 1599 427 1676 Brzenae
448 1597 608 1698 depulsas
627 1600 671 1677 ed
684 1601 853 1676 tumulum
872 1599 958 1678 Divi
973 1598 1194 1678 Wenceslai
1211 1593 1334 1674 febres
1343 1599 1569 1699 rejicit,que
1582 1625 1611 1690 3.
1622 1629 1652 1692 p.
1664 1623 1738 1691 151.

135 1695 322 1796 Hegecius
340 1697 385 1775 ad
403 1722 528 1776 sunum
550 1707 625 1800 9'30
650 1717 777 1776 contre
799 1721 942 1778 ouruem
968 1698 1227 1798 chronologiae
1245 1699 1423 1784 rationem
1437 1698 1505 1793 jem
1531 1712 1572 1772 ea
1763 1717 1767 1726 ’

135 1800 316 1890 surrevit,
344 1799 397 1876 uti
415 1823 463 1878 eo
481 1799 564 1875 loco
582 1799 806 1878 adduximus.
859 1800 978 1901 Equo
993 1821 1087 1876 vero
1105 1799 1326 1876 documento
1346 1796 1571 1876 Pessmeauui

134 1895 232 1972 illius
254 1897 423 1976 indicium
443 1895 619 1990 hauserit,
646 1900 1044 2002 incompertum,quod
1059 1915 1178 1986 tamen
1196 1919 1265 1974 nec
1282 1901 1570 1977 rehusoectem-

84 2081 97 2100 ¹
129 1995 213 2112 pori
229 2021 436 2098 repugnare
451 2001 614 2098 ingenue
631 1996 873 2076 confitendum
891 1997 956 2076 est.
1006 1999 1047 2077 ld
1064 1999 1202 2100 oppido
1223 1998 1439 2089 mirandum,
1471 1997 1570 2101 quod

129 2095 224 2173 idem
244 2095 378 2175 Pelline
395 2117 648 2200 recuperatum
664 2097 817 2176 Boleslri
834 2100 1080 2178 valetudinem
1106 2121 1192 2200 pag.
1217 2119 1289 2192 152
1315 2096 1503 2190 reserens,
1532 2096 1570 2174 se

130 2196 345 2298 immugire
361 2199 405 2276 ad
422 2200 531 2278 vitem
551 2204 585 2277 S.
605 2198 826 2278 Wedceslsi
841 2204 884 2286 ab
900 2199 1222 2300 Hizonescripmm
1236 2217 1569 2300 revocet,quurum

130 2319 206 2396 que
222 2296 281 2374 illa
304 2300 347 2376 lit
363 2323 411 2376 ex
429 2300 500 2392 iis,
518 2323 604 2400 ques
622 2297 672 2376 ad'
684 2321 812 2376 cunum
829 2323 907 2402 932
923 2311 1003 2404 pig.
1015 2297 1569 2402 613.&seq.remlimus,igno·
1678 2331 1681 2339 ·
1779 2311 1785 2320 '

130 2417 260 2472 ramus.
311 2397 443 2499 Pagina
468 2402 612 2499 quidem
634 2427 707 2502 150
725 2397 820 2476 idem
844 2400 978 2479 Peshuo
1002 2403 1092 2482 hauc
1113 2401 1224 2478 vitem
1246 2395 1309 2474 sub
1329 2398 1437 2477 titulo
1461 2401 1567 2474 Auo-

128 2496 236 2591 nymi
258 2497 367 2586 citat,
392 2497 456 2574 sed
472 2522 541 2576 uec
560 2522 634 2674 pue
655 2500 716 2578 iha
732 2501 799 2591 lit,
828 2499 976 2588 scimus3
1000 2502 1130 2580 nullum
1149 2500 1244 2577 enim
1263 2501 1372 2576 vitam
1392 2495 1567 2576 hedenus

129 2611 216 2670 ante
236 2594 391 2698 Hagecii
411 2615 566 2674 aetrtem-
582 2599 633 2676 cri
662 2618 731 2677 tem
750 2599 1075 2701 deprehendimus,
1102 2624 1179 2699 que
1204 2599 1319 2677 morbi
1352 2597 1483 2700 istius,
1502 2615 1566 2677 sut

3 2697 5 2702 '
124 2703 196 2792 per
213 2696 419 2774 miraculum
436 2699 606 2776 restitute
630 2623 786 2778 saluos
812 2697 1045 2791 meminisset,
1064 2717 1151 2778 cum
1184 2717 1304 2776 temen
1339 2691 1563 2796 Anonymus
1609 2721 1611 2726 ·

12 2797 17 2808 '
126 2791 369 2874 'srebouensis
387 2835 408 2888 ,·
427 2801 488 2901 qui
519 2802 655 2880 seculo
675 2801 762 2880 XV.
778 2797 939 2905 scripsit,
968 2799 1280 2880 omme-miracula
1303 2799 1417 2902 usque
1442 2797 1487 2876 ad
1504 2796 1564 2876 sur
1691 2885 1696 2895 x

122 2909 286 2999 tempore
304 2895 457 2980 reserat.
939 2941 942 2948 ·
964 2953 967 2961 -
1193 2905 1207 2925 '
1534 2917 1536 2925 ’

231 3103 404 3190 Ceterum
447 3091 552 3180 uibus
579 3102 724 3182 iudiciis
750 3103 860 3182 etiam
881 3103 1131 3204 Berghau'erus
1157 3095 1469 3180 consecrationem
1487 3095 1560 3188 Ec·
1609 3125 1644 3192 ln
1665 3127 1790 3200 mmm,

123 3196 238 3274 elesrae
261 3126 551 3302 Metropdiitane
572 3206 655 3283 Divi
676 3205 755 3282 Viti
771 3206 857 3283 huic
879 3227 973 3282 runo
991 3201 1217 3304 alligaverit,
1238 3222 1306 3280 aauti
1327 3225 1396 3304 que
1415 3204 1742 3306 rationel’imm.¹

122 3299 239 3386 uerba
258 3297 392 3376 Cosmae
412 3299 456 3379 de
474 3301 749 3383 consecratione
769 3305 931 3402 ejusdem
950 3305 1118 3384 Ecclefiae
1147 3303 1185 3380 iu
1213 3303 1311 3382 hudc
1337 3327 1464 3382 annium
1486 3321 1558 3382 tre-

116 3399 241 3490 xerit,
261 3399 477 3504 hOedipus
494 3405 689 3498 s1m,haud
708 3405 909 3503 conjiciam,
941 3405 945 3414 “
971 3404 1189 3484 Michaelem
1214 3427 1318 3486 certe
1341 3403 1560 3504 Episcopum
1651 3457 1655 3470 ·

112 3497 408 3580 Ratisbonensem
418 3555 432 3594 ,
459 3531 480 3582 r
498 3529 573 3607 quo
589 3505 780 3584 Ecclesiam
801 3505 1041 3586 consecratam
1059 3525 1258 3596 memoret,
1286 3517 1440 3606 quotuor
1458 3505 1558 3580 runis

115 3585 233 3679 serius
256 3601 409 3682 adhunc
434 3603 555 3684 sedem
576 3601 748 3688 evectum
770 3605 874 3687 suilse
892 3603 1177 3686 evidentissimis
1191 3604 1405 3682 testimoniis
1432 3603 1557 3705 prodi·

4 3733 5 3736 κ
112 3715 191 3775 tum
208 3705 272 3784 est.
324 3704 372 3781 Et
393 3703 680 3790 consecrationis
692 3730 820 3792 mnum
832 3710 902 3807 jem
921 3709 1054 3788 critice
1073 3707 1262 3808 exegimus
1287 3705 1327 3789 Ρ.
1338 3704 1405 3794 lu,
1418 3705 1462 3784 ad
1479 3703 1556 3784 Au.

113 3820 140 3900 9
144 3821 207 3900 33.
226 3805 265 3940 iu
282 3803 536 3896 Praetermillis.
