3832 4808
384 343 464 430 490
629 346 631 355 ⁸
940 329 1270 457 Annurroogq

365 511 476 604 equo
499 485 748 598 deturbant,
774 485 1039 602 vestibusque
1065 487 1264 576 nudatum
1294 481 1409 573 humi
1439 477 1628 598 supinum
1650 483 1827 578 ¹l'urcil-

366 626 420 714 lis
447 623 646 740 affigunt,
665 650 772 714 mox
799 625 841 712 in
864 652 997 740 equos
1018 624 1163 744 sublati
1186 623 1438 714 contemtim
1461 646 1543 712 nec
1565 643 1719 739 preter
1738 653 1825 746 pe·

133 766 547 872 meleurberteulum
568 765 809 856 transiliunt.
847 749 895 849 (el
935 751 1136 880 Optimus
1166 761 1366 878 Princeps
1388 764 1525 854 omnis
1545 765 1705 854 confini
1742 796 1826 858 va-

132 853 476 999 mb'mm'cuus
503 898 588 994 Dei
615 901 801 1019 Diuique
820 895 992 1014 Joannis
1013 929 1258 1017 openrvoce
1277 917 1479 992 contenta
1493 904 1704 1020 implorat,
1717 933 1827 1025 quae

329 1103 333 1116 ·
370 1041 461 1142 risu¹
487 1069 696 1162 excepere
721 1039 946 1157 blasphemi
966 1043 1182 1154 homines,
1210 1070 1291 1131 nec
1311 1037 1398 1130 Dei
1422 1067 1503 1132 nec
1533 1039 1745 1136 Diuorum
1768 1077 1821 1138 o·

370 1211 425 1308 pe
451 1209 476 1272 e
499 1185 687 1273 manibus
725 1179 806 1272 suis
829 1179 1059 1272 eruendum
1087 1201 1355 1295 reponentes.
1396 1163 1466 1263 (f)
1503 1179 1700 1274 Saltando
1723 1204 1822 1276 tan-

368 1326 466 1418 dem
480 1322 794 1438 insultandoque
819 1317 905 1408 felli
931 1320 1093 1408 vincula
1114 1320 1269 1431 laxant,
1290 1316 1598 1437 sublimemque
1627 1324 1819 1444 erigunt.

246 1557 249 1564 ,
370 1459 459 1554 Sub
484 1470 571 1552 lraec
595 1460 772 1552 fortuito
801 1457 934 1550 adsuit
945 1477 1194 1550 venatorum
1213 1453 1414 1568 Magister
1425 1457 1639 1578 Howora,
1664 1465 1735 1580 qui
1752 1491 1818 1558 ex

371 1602 601 1719 longinquo
634 1601 788 1701 nudum
820 1595 988 1688 Ducem
1023 1595 1224 1714 aspiciens
1256 1613 1360 1688 mox
1381 1599 1606 1691 calcaribus
1629 1602 1828 1694 armatis

142 1796 274 1866 Hm„
285 1722 437 1864 ppad'
452 1743 709 1858 precipitem
742 1735 904 1828 cursum
927 1736 1162 1851 exagitavit
1184 1765 1341 1854 equum
1367 1737 1706 1858 circumspiciens
1737 1768 1821 1834 un-

142 1881 259 1982 mnu
274 1881 366 2024 Iler
378 1881 504 1996 dique
528 1876 717 1969 Domino
736 1877 810 1968 suo
835 1877 1050 1970 auxilium.
1132 1873 1192 1968 Et
1213 1887 1311 1967 hem
1332 1875 1425 1969 casu
1447 1880 1597 1970 incidit
1617 1881 1660 1969 in
1683 1909 1816 1996 cxpe—

142 1986 217 2124 zo
232 1965 512 2117 fi‘mditum
538 2015 667 2134 Praga
691 2019 897 2130 militem,
920 2019 993 2134 qui
1013 2007 1189 2126 alligatis
1211 2019 1255 2106 in
1276 2019 1469 2132 proximo
1489 2018 1585 2106 vico
1609 2015 1809 2133 equisJa-

376 2158 683 2273 romirumsper
701 2156 825 2247 saltus
859 2156 989 2269 pedes
1013 2155 1249 2270 quaesrerat,
1286 2145 1346 2250 (g)
1381 2153 1460 2248 His
1483 2157 1624 2246 obiter
1647 2156 1819 2249 erotus

376 2299 526 2414 &quo
554 2297 651 2386 loco
677 2321 751 2384 res·
771 2289 964 2406 Jaromiti
990 2292 1146 2417 ellerut,
1175 2299 1228 2386 tir
1261 2323 1340 2414 qua
1379 2297 1685 2387 acceleratione
1705 2325 1815 2412 opus

318 2491 321 2502 ·
379 2432 513 2559 esset,
533 2435 714 2532 ,stimulo
733 2433 814 2525 snit
837 2451 885 2524 ut
902 2431 944 2524 se
963 2433 1006 2522 in
1028 2433 1158 2550 pedes
1192 2435 1422 2548 cojicerent
1445 2487 1459 2552 ,·
1496 2463 1691 2551 equoque
1715 2463 1818 2553 prae-

287 2568 294 2579 ’
382 2595 620 2668 currentem
642 2558 939 2692 sequerentur,
972 2576 1059 2663 ubi·
1082 2571 1348 2700 conspectum
1381 2603 1527 2666 eorum
1560 2573 1821 2688 subterfuge·

380 2712 460 2828 rit,
493 2715 587 2804 illac
612 2711 773 2803 cursum
795 2712 1088 2825 intenderent,
1124 2716 1234 2804 unde
1261 2713 1563 2827 ⁸venatoriissui
1595 2743 1723 2804 cornu
1757 2713 1821 2804 so·

350 2863 481 2950 'num
514 2852 661 2941 veirire
699 2852 998 2961 intelligerent.
1102 2847 1269 2943 Interea
1306 2847 1569 2945 Wrslorecii
1604 2834 1818 2944 infelicem

379 2985 618 3104 Principem
645 2989 782 3075 arbori
816 2987 1108 3102 alligaverant,
1149 2995 1341 3084 certatim
1373 2997 1506 3108 jacula
1544 2995 1588 3083 in
1621 2979 1818 3084 miserum

202 3118 249 3275 δ’
358 3143 741 3240 contorquentes,
764 3123 834 3212 sed
855 3149 904 3216 ea
934 3126 1020 3216 tela
1045 3154 1146 3217 vana
1161 3133 1309 3223 'abiere
1325 3132 1432 3226 Viro
1465 3135 1668 3252 quodam,
1692 3161 1819 3252 quem

149 3211 613 3397 paefifflfJJsJaromirus
641 3265 753 3356 clare
785 3260 868 3354 suis
887 3265 975 3381 ipse
1001 3238 1133 3360 oculis
1156 3271 1347 3388 aspexit,
1381 3273 1622 3392 mortiferas
1662 3275 1821 3364 arundi-

57 3509 61 3516 ,
144 3389 454 3554 {Qfflpssssssnes
477 3406 879 3525 arcente‚pallioque
900 3408 1159 3524 excipiente.
1173 3399 1221 3495 lb)
1257 3409 1515 3506 Houuoraad
1529 3415 1819 3506 bacchantium

150 3549 329 3635 serviret·
383 3545 609 3641 clamorem
630 3549 674 3641 ta
695 3547 934 3640 inconditos
963 3545 1121 3665 jubilos
1150 3546 1319 3669 propius
1346 3554 1513 3646 incaute
1532 3555 1775 3671 adequitans
1798 3585 1822 3647 a

386 3675 675 3788 erlovectis
696 3687 967 3780 circumfusus
1000 3711 1229 3809 captusque
1250 3695 1334 3809 eli,
1368 3719 1556 3812 moxque
1601 3715 1743 3809 metu,
1766 3723 1824 3788 ne

19 3927 21 3931 v
68 3907 72 3918 ,
153 3829 639 3948 Hm,„=„„‚prodantur,
664 3825 940 3922 Hrziweczio
962 3831 1083 3922 alteri
1108 3835 1380 3928 terrationum
1413 3831 1615 3956 Magistro
1632 3835 1824 3951 perduel-

153 3963 522 4117 {W‘llfffff153‘lle
553 3968 748 4066 facinoris
768 3969 965 4086 complici
986 3970 1030 4058 in
1053 3977 1299 4086 potestatem
1323 3977 1524 4089 traditus,
1547 3993 1673 4092 atque
1697 3992 1745 4065 ut
1765 4004 1825 4068 ar·

231 4052 304 4136 ‘'⁶¹'‘
355 4094 362 4113 '
387 4106 480 4201 bori
502 4105 677 4204 sublime
688 4107 1125 4244 appendereturjulsus
1137 4117 1209 4208 eu.
1284 4111 1482 4210 Honora
1492 4116 1707 4208 intentato
1732 4111 1824 4236 sup·
