3900 4814
391 317 466 402 408
922 270 1122 386 „ANNUS
1151 323 1240 406 995.

355 449 834 560 plerispnestaegnisin'pisces
851 467 1097 536 morerentur,
1119 448 1162 526 ΕΤ
1181 452 1218 526 in
1233 452 1350 552 terris
1364 445 1511 526 arbores
1531 449 1696 554 plurimae
1714 455 1834 552 peni-

365 575 428 632 tus
448 556 647 652 arescerent
666 553 852 659 &fruges
862 556 1030 655 perirent
1041 605 1054 640 ,
1075 547 1119 625 ta’
1138 549 1258 628 lineam.
1315 545 1836 658 Subsecntnqnoqneestgrnn-

368 656 423 732 dis
431 655 629 756 pestilentia
648 651 845 744 bantinum,
866 673 1078 756 parcorum,
1097 645 1196 727 baum
1218 651 1262 728 θ’
1281 658 1397 730 avinne
1407 707 1419 742 ,
1432 658 1677 753 praeacutam
1698 660 1736 730 in
1744 654 1837 754 ple-

360 762 490 864 nisque
509 756 594 836 lacit
612 761 667 833 ita
687 775 933 844 exaruerunt,
960 753 1074 832 aelaei
1089 756 1169 857 igne
1189 754 1481 854 ennstafnille'nt.
1536 753 1705 846 Praesenti
1728 779 1835 832 vero

372 858 545 958 apponit:
577 861 759 936 Commune
779 857 944 936 dannan
960 860 998 932 in
1005 857 1204 956 pestilentia
1213 874 1380 954 pecorum
1399 855 1441 930 Θ*
1459 852 1561 932 banne
1577 883 1710 932 aeranem
1728 859 1835 934 Ger·

361 963 526 1039 neaman
545 979 673 1038 uexat.
727 960 824 1036 Gur
847 957 995 1034 omnino
1011 957 1100 1033 mala
1116 979 1196 1032 cunr
1217 955 1325 1055 ips'am
1344 954 1452 1032 etiarn
1472 956 1677 1033 Bohemiatn
1694 958 1832 1034 irreti-

284 1073 287 1077 '
361 1061 521 1152 veriat,
547 1062 633 1163 quid
652 1060 777 1138 anirum
796 1083 839 1135 ea
858 1083 926 1159 pro
947 1057 1090 1155 flagella
1109 1056 1233 1132 <livino
1251 1059 1309 1132 ob‘
1324 1053 1504 1132 desertum
1522 1053 1690 1134 Sanctum
1704 1061 1833 1158 pasio-

374 1183 453 1237 tern
477 1161 573 1238 suum
597 1190 617 1239 a
644 1161 849 1260 quibusque
887 1158 1129 1260 pientioribus
1165 1157 1347 1258 explicata
1382 1153 1506 1249 fuisse,
1533 1181 1576 1234 ac
1609 1160 1763 1258 proinde
1784 1159 1829 1238 iu

378 1287 455 1339 earn
468 1264 717 1350 traditionem,
746 1281 821 1359 qua
847 1263 954 1336 etiarn
984 1260 1093 1335 hodie
1118 1259 1279 1352 obtinet,
1298 1253 1476 1338 transiisse.
1539 1257 1829 1337 Accessit-vero

380 1365 425 1440 ad
445 1387 505 1439 eas
527 1365 746 1440 calamitates
773 1361 869 1438 alliud
891 1362 1020 1436 maium
1040 1361 1225 1460 superiore
1246 1379 1307 1434 aut
1328 1358 1502 1458 presente
1519 1383 1625 1450 aurio,
1655 1385 1737 1438 cunr
1754 1361 1829 1438 Bo·

382 1464 515 1542 lesiaus
532 1466 614 1539 Pius
635 1461 792 1562 paralyse
811 1460 995 1561 perculsus
1012 1464 1085 1550 est,
1112 1463 1207 1559 quod
1228 1461 1289 1536 vel
1307 1459 1385 1558 ipse
1406 1461 1583 1536 Dirutarus
1615 1463 1656 1538 ad
1676 1486 1828 1562 poenaru

152 1557 559 1644 Ditmowsnuiviaitas
587 1559 918 1652 inflictaatrahit,
947 1562 1026 1654 ejus
1054 1562 1149 1636 enirn
1175 1561 1285 1638 verba
1315 1563 1422 1638 sunt:
1459 1558 1655 1670 Thaedegas
1674 1565 1830 1664 (postea

154 1661 265 1730 ²⁴¹4·
382 1661 557 1742 successor
574 1671 608 1742 S.
619 1663 809 1740 Adalberti
827 1665 865 1739 in
885 1661 1103 1763 Episcopatu
1127 1663 1323 1765 Prageusi)
1347 1668 1386 1739 in
1402 1689 1495 1737 traua
1512 1665 1681 1741 educatus
1697 1663 1828 1742 Cerbe-

367 1767 415 1874 je
434 1766 633 1843 naedicinali
652 1783 733 1842 arte
751 1769 876 1866 optime
896 1769 941 1860 est
956 1768 1153 1859 instruiins.
1212 1767 1323 1869 Quem
1334 1764 1535 1841 Bana-lavas
1547 1767 1692 1856 Senior,
1719 1763 1828 1844 obin-

271 1946 276 1960 ,
347 1945 353 1957 ,
381 1863 610 1945 obedientiam
634 1865 760 1961 Christi
779 1870 955 1942 Praecurrit
977 1865 1334 1965 (scil.S.Adaiberti)
1345 1865 1825 1968 paaan'pse'percnffitsdicen·

171 1934 439 2084 ffdff‘mEpu‘tin
467 1967 664 2046 Tln'etarari
691 1965 847 2045 Abbatis
864 1967 877 2067 (
897 1989 1085 2067 perperam
1114 1966 1276 2042 Balbinus
1301 1965 1508 2042 Luiduli'uru
1540 1969 1621 2062 ΧΠ.
1642 1960 1853 2045 nabatea

140 2037 168 2120 J
209 2036 226 2096 ς
250 2063 261 2092 ’
385 2069 639 2166 Corbejansem
657 2069 840 2172 nominat)
859 2071 1026 2155 vacavit,
1053 2067 1190 2172 arreptae
1207 2071 1401 2172 magisteria
1424 2073 1534 2145 secius
1558 2067 1684 2146 habere
1708 2077 1825 2172 rapit.

384 2172 469 2249 Hac
489 2173 616 2272 procul
635 2172 744 2248 dubio
765 2167 872 2247 suere
892 2169 1185 2272 terriculamenta
1200 2167 1287 2258 illa,
1314 2191 1388 2267 quae
1406 2171 1507 2246 aliaue
1524 2173 1646 2248 denuo
1665 2195 1826 2248 mentem

370 2271 550 2360 indidere
569 2273 733 2348 Boleslao
753 2269 787 2346 ἃ
806 2271 964 2370 popula,
986 2289 1025 2345 ut
1051 2270 1097 2345 de
1117 2270 1325 2346 revocando
1343 2271 1501 2347 antistite
1526 2273 1666 2350 aursana
1684 2273 1825 2373 cogita-

158 2406 264 2490 εφη,
275 2399 428 2494 «ΗΜΘ
447 2376 670 2552 acciperent.
723 2374 770 2450 Et
788 2395 880 2450 vero
898 2369 1050 2472 idipsum
1067 2369 1241 2471 prasente
1259 2393 1354 2446 auno
1376 2369 1510 2450 factam
1523 2369 1649 2463 fuisse,
1675 2398 1722 2450 ex
1750 2379 1825 2450 Co·

387 2481 455 2556 suta
476 2501 522 2553 na
555 2502 598 2554 ro
617 2476 843 2566 edocentur,
870 2497 975 2574 quent
996 2470 1068 2548 suis
1090 2471 1212 2548 verbis
1230 2471 1438 2570 loquentem
1457 2477 1584 2551 audire
1607 2477 1825 2552 libetean

387 2580 564 2659 Baianas
583 2583 671 2655 inita
692 2578 825 2672 caeese'iio
844 2601 922 2652 aaran
947 2575 1091 2651 Clericie
1110 2575 1363 2679 Magnentianae
1381 2576 1562 2674 Praestalene
1586 2575 1826 2676 biefhliicitut

378 2679 526 2759 verbis:
555 2695 581 2728 ‘⁴
599 2683 682 2755 Aut
699 2683 850 2774 nossentne
861 2681 1033 2776 pastorem
1053 2674 1291 2752 Adnibertnnr
1317 2674 1367 2748 ad
1383 2703 1447 2752 nos
1463 2705 1624 2766 revoces,
1642 2679 1739 2784 qnod
1748 2707 1827 2754 nea·

374 2799 411 2878 ·,“,
435 2789 500 2890 gin
514 2783 670 2858 volumus
679 2809 695 2872 ,·
722 2795 788 2853 ant
808 2779 914 2853 alinae
929 2773 1026 2851 nobis
1046 2779 1084 2851 in
1099 2774 1237 2875 locastti
1254 2775 1412 2868 ordiens,
1423 2779 1517 2884 quad
1526 2779 1826 2878 inuitipafiimns.

383 2935 410 2976 ‚,
441 2887 538 2959 enm
559 2883 684 2973 curisti
699 2877 807 2953 ouilia
828 2873 940 2950 adhuc
957 2878 995 2951 in
1015 2873 1083 2950 hnc
1099 2897 1209 2980 gente
1221 2877 1312 2969 fidei
1328 2885 1484 2965 novicia,
1510 2881 1636 2972 nfieis
1653 2879 1749 2969 aristo·
1769 2887 1828 2956 vi.

382 3038 409 3076 „
435 2983 555 3090 gisona
568 2983 717 3082 pastoris
736 2977 907 3071 custodia,
934 2981 1092 3052 cruentis
1110 2981 1199 3079 inpie
1216 2982 1330 3080 opima
1347 2985 1437 3058 resin
1446 2979 1536 3071 fient
1554 2976 1679 3054 adalia.
1691 3033 1718 3068 ‚,
1747 2979 1827 3058 Mi.

382 3105 448 3162 uus
462 3079 565 3158 rotie
577 3079 719 3180 quiden
736 3079 795 3160 hic
806 3074 948 3152 Casinas
958 3077 1044 3154 duas
1055 3079 1308 3157 revocationes
1317 3087 1350 3157 S.
1366 3079 1600 3157 Adaiberti'iu
1614 3103 1723 3156 uuam
1736 3107 1823 3158 cou-

373 3185 510 3274 nierit,
537 3180 570 3256 δι
594 3179 754 3281 priorem
767 3175 929 3278 prasenti
940 3179 1130 3269 innexuit,
1159 3177 1665 3280 sedlougealiatnhaucfuiise
1683 3182 1820 3279 asape-

383 3286 498 3376 tiore,
515 3279 590 3383 ipsa
609 3283 719 3358 verba
739 3280 966 3369 iuntutnt‚iu
986 3281 1045 3357 illa
1064 3282 1158 3358 enirn
1178 3284 1334 3358 amatam
1356 3287 1451 3364 varis
1472 3309 1566 3361 uuus
1596 3281 1754 3378 solusque
1780 3284 1814 3356 S.

381 3381 602 3468 Adaibcrtus
625 3383 801 3484 repetitus
821 3377 911 3472 fuit,
930 3383 968 3458 in
987 3383 1053 3458 hac
1071 3379 1132 3458 seu
1153 3383 1185 3459 is
1203 3381 1263 3458 seu
1281 3385 1372 3460 alius
1390 3378 1811 3486 Episcopuserposcituc,

373 3492 480 3590 quod
500 3487 639 3588 opp-ido
658 3483 1192 3585 manifestumreddit,propter
1219 3483 1325 3585 sopra
1352 3509 1661 3576 commemoratam
1689 3477 1817 3560 saffia-

369 3601 465 3672 aeae
500 3585 816 3668 Wrisovecianant
840 3587 911 3678 jana
928 3585 1074 3661 inultum
1096 3585 1280 3662 servarein
1300 3587 1335 3662 ἃ
1353 3589 1590 3686 cupiditatem
1619 3589 1715 3664 illam
1731 3605 1821 3680 erga

370 3701 418 3775 ·S.
432 3694 665 3772 adalbertan
687 3683 889 3780 refrixisse,
917 3710 997 3764 curn
1016 3689 1197 3768 Bolesleue
1214 3691 1320 3764 etiarn
1341 3707 1443 3766 trove
1462 3689 1644 3790 Episcopo
1663 3689 1695 3764 oa
1706 3687 1823 3787 pano-

381 3819 424 3876 τε
441 3813 634 3872 contentos
654 3788 726 3867 osse
750 3791 875 3869 vellet.
947 3789 1063 3866 Θυοό
1092 3791 1244 3867 alterurn
1263 3792 1339 3866 est:
1372 3813 1445 3866 nou
1468 3795 1619 3888 amplius
1639 3793 1709 3868 uae
1728 3811 1821 3863 artua
1891 3879 1897 3886 ,

380 3895 475 3976 missa
493 3896 631 3995 legatio
648 3897 795 3970 Romam
814 3917 834 3968 a
854 3893 1075 3990 Mogontino
1094 3915 1163 3994 pro
1181 3891 1396 3970 reducendo
1414 3896 1449 3968 S.
1459 3895 1675 3982 AdalbertO,
1695 3886 1829 3985 utsusn·

360 4001 497 4102 ¹§attigit
517 3995 661 4073 Casinas
680 3994 846 4094 (ideninr
860 3994 929 4090 jam
948 3993 1054 4094 prius
1068 4017 1164 4084 antra
1183 3989 1402 4096 pposachnn
1414 3993 1491 4098 est)
1510 3991 1825 4092 sedMogoutiuus

375 4095 691 4201 Archiepiscopus
706 4095 894 4190 negotium
913 4095 1004 4172 istud
1023 4095 1061 4172 in
1080 4093 1116 4174 se
1138 4093 1249 4193 ipsitue
1266 4095 1431 4196 recepit3
1453 4119 1533 4170 cum
1552 4099 1647 4172 euim
1666 4091 1826 4170 anhuse-

368 4225 517 4312 ·quente
547 4200 728 4282 ottaaaa
745 4199 901 4278 naman
937 4221 1009 4300 pao
1041 4198 1282 4294 coronatione
1314 4197 1496 4299 imperiali
1528 4195 1826 4300 proficiscentem

1704 4319 1771 4372 co-
