<?xml version="1.0" encoding="UTF-8"?>
<!DOCTYPE html PUBLIC "-//W3C//DTD XHTML 1.0 Transitional//EN"
    "http://www.w3.org/TR/xhtml1/DTD/xhtml1-transitional.dtd">
<html xmlns="http://www.w3.org/1999/xhtml" xml:lang="en" lang="en">
 <head>
  <title>
</title>
<meta http-equiv="Content-Type" content="text/html;charset=utf-8" />
  <meta name='ocr-system' content='tesseract 3.04.00' />
  <meta name='ocr-capabilities' content='ocr_page ocr_carea ocr_par ocr_line ocrx_word'/>
</head>
<body>
  <div class='ocr_page' id='page_1' title='image "./wenceslaihageka01libogoog_0355.png"; bbox 0 0 3914 4822; ppageno 0'>
   <div class='ocr_carea' id='block_1_1' title="bbox 163 329 1602 653">
    <p class='ocr_par' dir='ltr' id='par_1_1' title="bbox 163 329 1602 653">
     <span class='ocr_line' id='line_1_1' title="bbox 689 329 1572 432; baseline 0.007 -28"><span class='ocrx_word' id='word_1_1' title='bbox 689 329 996 413; x_wconf 74' lang='lat' dir='ltr'>Borrsrarrr.</span> <span class='ocrx_word' id='word_1_2' title='bbox 1047 351 1111 413; x_wconf 81' lang='lat'>22,</span> <span class='ocrx_word' id='word_1_3' title='bbox 1249 408 1254 419; x_wconf 65' lang='grc'>,</span> <span class='ocrx_word' id='word_1_4' title='bbox 1476 355 1572 432; x_wconf 69' lang='lat'>,331</span> 
     </span>
     <span class='ocr_line' id='line_1_2' title="bbox 163 469 1602 653; baseline 0.001 -102"><span class='ocrx_word' id='word_1_5' title='bbox 163 469 426 573; x_wconf 83' lang='lat' dir='ltr'>&amp;Prageasrs,</span> <span class='ocrx_word' id='word_1_6' title='bbox 454 495 532 551; x_wconf 82' lang='lat' dir='ltr'>earn</span> <span class='ocrx_word' id='word_1_7' title='bbox 554 471 714 574; x_wconf 87' lang='lat' dir='ltr'>denique</span> <span class='ocrx_word' id='word_1_8' title='bbox 734 501 755 552; x_wconf 88' lang='lat' dir='ltr'>a</span> <span class='ocrx_word' id='word_1_9' title='bbox 775 473 1039 576; x_wconf 88' lang='lat' dir='ltr'>posterioribus</span> <span class='ocrx_word' id='word_1_10' title='bbox 1069 476 1279 653; x_wconf 81' lang='lat' dir='ltr'>quibusque</span> <span class='ocrx_word' id='word_1_11' title='bbox 1304 477 1457 556; x_wconf 72' lang='lat' dir='ltr'>rusiam·</span> <span class='ocrx_word' id='word_1_12' title='bbox 1471 469 1575 554; x_wconf 87' lang='lat' dir='ltr'>fuisse</span> <span class='ocrx_word' id='word_1_13' title='bbox 1586 530 1602 571; x_wconf 92' lang='lat'>,</span> 
     </span>
    </p>
   </div>
   <div class='ocr_carea' id='block_1_2' title="bbox 30 573 1606 691">
    <p class='ocr_par' dir='ltr' id='par_1_2' title="bbox 30 573 1606 691">
     <span class='ocr_line' id='line_1_3' title="bbox 30 573 1606 691; baseline 0.001 -39"><span class='ocrx_word' id='word_1_14' title='bbox 30 611 41 625; x_wconf 38' lang='lat' dir='ltr'>e</span> <span class='ocrx_word' id='word_1_15' title='bbox 161 574 261 674; x_wconf 88' lang='lat' dir='ltr'>quod</span> <span class='ocrx_word' id='word_1_16' title='bbox 280 575 393 650; x_wconf 88' lang='lat' dir='ltr'>toties</span> <span class='ocrx_word' id='word_1_17' title='bbox 413 573 570 687; x_wconf 78' lang='lat' dir='ltr'>repetita</span> <span class='ocrx_word' id='word_1_18' title='bbox 587 573 820 691; x_wconf 62' lang='lat' dir='ltr'>clausulapes</span> <span class='ocrx_word' id='word_1_19' title='bbox 832 578 964 674; x_wconf 76' lang='lat' dir='ltr'>stecula</span> <span class='ocrx_word' id='word_1_20' title='bbox 976 580 1091 654; x_wconf 82' lang='lat' dir='ltr'>Amen</span> <span class='ocrx_word' id='word_1_21' title='bbox 1109 576 1201 653; x_wconf 85' lang='lat' dir='ltr'>mani</span> <span class='ocrx_word' id='word_1_22' title='bbox 1223 579 1334 654; x_wconf 87' lang='lat' dir='ltr'>estum</span> <span class='ocrx_word' id='word_1_23' title='bbox 1344 577 1477 655; x_wconf 88' lang='lat' dir='ltr'>reddit.</span> <span class='ocrx_word' id='word_1_24' title='bbox 1501 577 1606 656; x_wconf 85' lang='lat' dir='ltr'>Hanc</span> 
     </span>
    </p>
   </div>
   <div class='ocr_carea' id='block_1_3' title="bbox 153 673 1615 1982">
    <p class='ocr_par' dir='ltr' id='par_1_3' title="bbox 153 673 1615 1982">
     <span class='ocr_line' id='line_1_4' title="bbox 162 673 1610 775; baseline 0.004 -25"><span class='ocrx_word' id='word_1_25' title='bbox 162 697 277 751; x_wconf 87' lang='lat' dir='ltr'>meam</span> <span class='ocrx_word' id='word_1_26' title='bbox 299 691 370 750; x_wconf 86' lang='lat' dir='ltr'>tam</span> <span class='ocrx_word' id='word_1_27' title='bbox 392 677 532 754; x_wconf 80' lang='lat' dir='ltr'>demta</span> <span class='ocrx_word' id='word_1_28' title='bbox 555 673 629 775; x_wconf 87' lang='lat' dir='ltr'>ipsa</span> <span class='ocrx_word' id='word_1_29' title='bbox 653 700 757 774; x_wconf 86' lang='lat' dir='ltr'>quam</span> <span class='ocrx_word' id='word_1_30' title='bbox 779 699 857 772; x_wconf 68' lang='lat' dir='ltr'>ejus</span> <span class='ocrx_word' id='word_1_31' title='bbox 879 679 1034 753; x_wconf 81' lang='lat' dir='ltr'>authore</span> <span class='ocrx_word' id='word_1_32' title='bbox 1060 676 1270 754; x_wconf 88' lang='lat' dir='ltr'>sententiam</span> <span class='ocrx_word' id='word_1_33' title='bbox 1297 701 1377 752; x_wconf 91' lang='lat' dir='ltr'>cum</span> <span class='ocrx_word' id='word_1_34' title='bbox 1403 694 1487 754; x_wconf 83' lang='lat' dir='ltr'>ante</span> <span class='ocrx_word' id='word_1_35' title='bbox 1508 701 1610 756; x_wconf 76' lang='lat' dir='ltr'>conr·</span> 
     </span>
     <span class='ocr_line' id='line_1_5' title="bbox 161 773 1609 880; baseline -0.001 -30"><span class='ocrx_word' id='word_1_36' title='bbox 161 776 284 876; x_wconf 89' lang='lat' dir='ltr'>plures</span> <span class='ocrx_word' id='word_1_37' title='bbox 301 799 415 853; x_wconf 88' lang='lat' dir='ltr'>annos</span> <span class='ocrx_word' id='word_1_38' title='bbox 435 797 505 876; x_wconf 93' lang='lat' dir='ltr'>pro</span> <span class='ocrx_word' id='word_1_39' title='bbox 522 775 646 852; x_wconf 87' lang='lat' dir='ltr'>veteri</span> <span class='ocrx_word' id='word_1_40' title='bbox 666 774 930 853; x_wconf 87' lang='lat' dir='ltr'>consuetudine</span> <span class='ocrx_word' id='word_1_41' title='bbox 955 779 1001 854; x_wconf 77' lang='lat' dir='ltr'>R.</span> <span class='ocrx_word' id='word_1_42' title='bbox 1021 778 1062 853; x_wconf 90' lang='lat' dir='ltr'>P.</span> <span class='ocrx_word' id='word_1_43' title='bbox 1080 780 1274 854; x_wconf 84' lang='lat' dir='ltr'>Atbarmsro</span> <span class='ocrx_word' id='word_1_44' title='bbox 1303 773 1536 880; x_wconf 83' lang='lat' dir='ltr'>aperuissem,</span> <span class='ocrx_word' id='word_1_45' title='bbox 1563 780 1609 855; x_wconf 76' lang='lat' dir='ltr'>fi.</span> 
     </span>
     <span class='ocr_line' id='line_1_6' title="bbox 159 874 1611 977; baseline 0.001 -27"><span class='ocrx_word' id='word_1_46' title='bbox 159 876 310 975; x_wconf 87' lang='lat' dir='ltr'>mulque</span> <span class='ocrx_word' id='word_1_47' title='bbox 327 874 444 954; x_wconf 86' lang='lat' dir='ltr'>eidem</span> <span class='ocrx_word' id='word_1_48' title='bbox 464 899 509 950; x_wconf 87' lang='lat' dir='ltr'>ex</span> <span class='ocrx_word' id='word_1_49' title='bbox 534 897 619 950; x_wconf 82' lang='lat' dir='ltr'>mox</span> <span class='ocrx_word' id='word_1_50' title='bbox 639 893 921 953; x_wconf 83' lang='lat' dir='ltr'>commemorato</span> <span class='ocrx_word' id='word_1_51' title='bbox 940 875 1118 977; x_wconf 91' lang='lat' dir='ltr'>opusculo</span> <span class='ocrx_word' id='word_1_52' title='bbox 1147 879 1305 976; x_wconf 82' lang='lat' dir='ltr'>quadam</span> <span class='ocrx_word' id='word_1_53' title='bbox 1333 901 1453 954; x_wconf 84' lang='lat' dir='ltr'>coram</span> <span class='ocrx_word' id='word_1_54' title='bbox 1484 879 1611 977; x_wconf 77' lang='lat' dir='ltr'>prele-</span> 
     </span>
     <span class='ocr_line' id='line_1_7' title="bbox 160 971 1611 1081; baseline 0.001 -31"><span class='ocrx_word' id='word_1_55' title='bbox 160 971 307 1073; x_wconf 86' lang='lat' dir='ltr'>gissem,</span> <span class='ocrx_word' id='word_1_56' title='bbox 335 978 378 1052; x_wconf 91' lang='lat' dir='ltr'>ad</span> <span class='ocrx_word' id='word_1_57' title='bbox 398 975 572 1054; x_wconf 84' lang='lat' dir='ltr'>edendam</span> <span class='ocrx_word' id='word_1_58' title='bbox 590 977 682 1052; x_wconf 90' lang='lat' dir='ltr'>banc</span> <span class='ocrx_word' id='word_1_59' title='bbox 700 980 759 1054; x_wconf 86' lang='lat' dir='ltr'>SS.</span> <span class='ocrx_word' id='word_1_60' title='bbox 778 975 965 1054; x_wconf 81' lang='lat' dir='ltr'>Ludnr’rslae</span> <span class='ocrx_word' id='word_1_61' title='bbox 987 977 1022 1055; x_wconf 77' lang='lat' dir='ltr'>dc</span> <span class='ocrx_word' id='word_1_62' title='bbox 1044 977 1264 1056; x_wconf 82' lang='lat' dir='ltr'>Wenceslai</span> <span class='ocrx_word' id='word_1_63' title='bbox 1281 977 1392 1081; x_wconf 83' lang='lat' dir='ltr'>vitam</span> <span class='ocrx_word' id='word_1_64' title='bbox 1406 976 1611 1054; x_wconf 82' lang='lat' dir='ltr'>sirbitoani·</span> 
     </span>
     <span class='ocr_line' id='line_1_8' title="bbox 159 1077 1613 1180; baseline 0.004 -30"><span class='ocrx_word' id='word_1_65' title='bbox 159 1099 258 1154; x_wconf 88' lang='lat' dir='ltr'>raum</span> <span class='ocrx_word' id='word_1_66' title='bbox 274 1078 440 1176; x_wconf 70' lang='lat' dir='ltr'>appulit,</span> <span class='ocrx_word' id='word_1_67' title='bbox 468 1095 578 1176; x_wconf 86' lang='lat' dir='ltr'>atque</span> <span class='ocrx_word' id='word_1_68' title='bbox 598 1093 642 1151; x_wconf 89' lang='lat' dir='ltr'>ut</span> <span class='ocrx_word' id='word_1_69' title='bbox 661 1077 748 1160; x_wconf 84' lang='lat' dir='ltr'>mihi</span> <span class='ocrx_word' id='word_1_70' title='bbox 766 1095 1030 1175; x_wconf 62' lang='lat' dir='ltr'>praeverteret,</span> <span class='ocrx_word' id='word_1_71' title='bbox 1056 1077 1096 1154; x_wconf 93' lang='lat' dir='ltr'>in</span> <span class='ocrx_word' id='word_1_72' title='bbox 1120 1078 1246 1154; x_wconf 86' lang='lat' dir='ltr'>eadem</span> <span class='ocrx_word' id='word_1_73' title='bbox 1274 1080 1383 1177; x_wconf 89' lang='lat' dir='ltr'>paulo</span> <span class='ocrx_word' id='word_1_74' title='bbox 1405 1079 1483 1180; x_wconf 87' lang='lat' dir='ltr'>post</span> <span class='ocrx_word' id='word_1_75' title='bbox 1502 1077 1613 1178; x_wconf 68' lang='lat' dir='ltr'>typis</span> 
     </span>
     <span class='ocr_line' id='line_1_9' title="bbox 158 1169 1608 1280; baseline 0.002 -29"><span class='ocrx_word' id='word_1_76' title='bbox 158 1175 292 1252; x_wconf 70' lang='lat' dir='ltr'>mrcusa</span> <span class='ocrx_word' id='word_1_77' title='bbox 310 1177 488 1254; x_wconf 85' lang='lat' dir='ltr'>vindicias</span> <span class='ocrx_word' id='word_1_78' title='bbox 509 1176 730 1251; x_wconf 82' lang='lat' dir='ltr'>Christanno·</span> <span class='ocrx_word' id='word_1_79' title='bbox 750 1177 904 1254; x_wconf 82' lang='lat' dir='ltr'>Boleslai</span> <span class='ocrx_word' id='word_1_80' title='bbox 929 1178 1021 1254; x_wconf 85' lang='lat' dir='ltr'>Saevi</span> <span class='ocrx_word' id='word_1_81' title='bbox 1049 1169 1143 1256; x_wconf 70' lang='lat' dir='ltr'>firm</span> <span class='ocrx_word' id='word_1_82' title='bbox 1157 1178 1282 1280; x_wconf 86' lang='lat' dir='ltr'>primis</span> <span class='ocrx_word' id='word_1_83' title='bbox 1298 1180 1415 1256; x_wconf 90' lang='lat' dir='ltr'>tribus</span> <span class='ocrx_word' id='word_1_84' title='bbox 1437 1199 1608 1279; x_wconf 80' lang='lat' dir='ltr'>paragra-</span> 
     </span>
     <span class='ocr_line' id='line_1_10' title="bbox 161 1275 1608 1378; baseline 0.001 -26"><span class='ocrx_word' id='word_1_85' title='bbox 161 1276 246 1375; x_wconf 89' lang='lat' dir='ltr'>phis</span> <span class='ocrx_word' id='word_1_86' title='bbox 265 1275 424 1374; x_wconf 88' lang='lat' dir='ltr'>scripsit,</span> <span class='ocrx_word' id='word_1_87' title='bbox 453 1277 583 1376; x_wconf 86' lang='lat' dir='ltr'>quibus</span> <span class='ocrx_word' id='word_1_88' title='bbox 604 1297 647 1351; x_wconf 90' lang='lat' dir='ltr'>ea</span> <span class='ocrx_word' id='word_1_89' title='bbox 669 1299 779 1375; x_wconf 81' lang='lat' dir='ltr'>pauca</span> <span class='ocrx_word' id='word_1_90' title='bbox 798 1295 973 1354; x_wconf 88' lang='lat' dir='ltr'>evertere</span> <span class='ocrx_word' id='word_1_91' title='bbox 982 1295 1155 1366; x_wconf 86' lang='lat' dir='ltr'>conatus,</span> <span class='ocrx_word' id='word_1_92' title='bbox 1182 1301 1260 1378; x_wconf 87' lang='lat' dir='ltr'>qnae</span> <span class='ocrx_word' id='word_1_93' title='bbox 1274 1303 1363 1356; x_wconf 90' lang='lat' dir='ltr'>ame</span> <span class='ocrx_word' id='word_1_94' title='bbox 1375 1278 1608 1356; x_wconf 88' lang='lat' dir='ltr'>controverti</span> 
     </span>
     <span class='ocr_line' id='line_1_11' title="bbox 162 1375 1607 1477; baseline 0.003 -25"><span class='ocrx_word' id='word_1_95' title='bbox 162 1375 285 1452; x_wconf 77' lang='lat' dir='ltr'>audiit.</span> <span class='ocrx_word' id='word_1_96' title='bbox 337 1377 495 1453; x_wconf 86' lang='lat' dir='ltr'>Tantum</span> <span class='ocrx_word' id='word_1_97' title='bbox 521 1375 638 1466; x_wconf 85' lang='lat' dir='ltr'>abest,</span> <span class='ocrx_word' id='word_1_98' title='bbox 660 1395 702 1451; x_wconf 90' lang='lat' dir='ltr'>ut</span> <span class='ocrx_word' id='word_1_99' title='bbox 725 1399 806 1452; x_wconf 89' lang='lat' dir='ltr'>cum</span> <span class='ocrx_word' id='word_1_100' title='bbox 828 1400 874 1452; x_wconf 93' lang='lat' dir='ltr'>eo</span> <span class='ocrx_word' id='word_1_101' title='bbox 895 1379 965 1454; x_wconf 90' lang='lat' dir='ltr'>lroc</span> <span class='ocrx_word' id='word_1_102' title='bbox 986 1375 1224 1456; x_wconf 86' lang='lat' dir='ltr'>inofficiosum</span> <span class='ocrx_word' id='word_1_103' title='bbox 1244 1403 1326 1454; x_wconf 86' lang='lat' dir='ltr'>cunr</span> <span class='ocrx_word' id='word_1_104' title='bbox 1348 1379 1463 1456; x_wconf 89' lang='lat' dir='ltr'>amico</span> <span class='ocrx_word' id='word_1_105' title='bbox 1475 1377 1607 1477; x_wconf 82' lang='lat' dir='ltr'>agendi</span> 
     </span>
     <span class='ocr_line' id='line_1_12' title="bbox 161 1475 1615 1580; baseline 0.003 -31"><span class='ocrx_word' id='word_1_106' title='bbox 161 1497 279 1573; x_wconf 79' lang='lat' dir='ltr'>gertus</span> <span class='ocrx_word' id='word_1_107' title='bbox 304 1477 549 1576; x_wconf 73' lang='lat' dir='ltr'>expostulem,</span> <span class='ocrx_word' id='word_1_108' title='bbox 566 1495 608 1550; x_wconf 91' lang='lat' dir='ltr'>ut</span> <span class='ocrx_word' id='word_1_109' title='bbox 627 1497 710 1552; x_wconf 89' lang='lat' dir='ltr'>enm</span> <span class='ocrx_word' id='word_1_110' title='bbox 732 1475 839 1551; x_wconf 87' lang='lat' dir='ltr'>etiarn</span> <span class='ocrx_word' id='word_1_111' title='bbox 861 1502 1034 1580; x_wconf 75' lang='lat' dir='ltr'>perquam</span> <span class='ocrx_word' id='word_1_112' title='bbox 1054 1477 1221 1556; x_wconf 87' lang='lat' dir='ltr'>s&#39;ecurum</span> <span class='ocrx_word' id='word_1_113' title='bbox 1242 1478 1354 1558; x_wconf 82' lang='lat' dir='ltr'>velim</span> <span class='ocrx_word' id='word_1_114' title='bbox 1373 1506 1393 1556; x_wconf 83' lang='lat' dir='ltr'>a</span> <span class='ocrx_word' id='word_1_115' title='bbox 1413 1503 1472 1556; x_wconf 88' lang='lat' dir='ltr'>me</span> <span class='ocrx_word' id='word_1_116' title='bbox 1488 1481 1543 1557; x_wconf 85' lang='lat' dir='ltr'>ibi</span> <span class='ocrx_word' id='word_1_117' title='bbox 1563 1480 1615 1554; x_wconf 70' lang='lat' dir='ltr'>li·</span> 
     </span>
     <span class='ocr_line' id='line_1_13' title="bbox 160 1575 1606 1681; baseline 0.003 -31"><span class='ocrx_word' id='word_1_118' title='bbox 160 1594 235 1650; x_wconf 90' lang='lat' dir='ltr'>tem</span> <span class='ocrx_word' id='word_1_119' title='bbox 255 1575 427 1677; x_wconf 84' lang='lat' dir='ltr'>nusquam</span> <span class='ocrx_word' id='word_1_120' title='bbox 458 1576 700 1666; x_wconf 84' lang='lat' dir='ltr'>movendam,</span> <span class='ocrx_word' id='word_1_121' title='bbox 726 1575 952 1676; x_wconf 79' lang='lat' dir='ltr'>posteaquam</span> <span class='ocrx_word' id='word_1_122' title='bbox 978 1580 1121 1681; x_wconf 84' lang='lat' dir='ltr'>pridem</span> <span class='ocrx_word' id='word_1_123' title='bbox 1150 1603 1233 1658; x_wconf 91' lang='lat' dir='ltr'>cum</span> <span class='ocrx_word' id='word_1_124' title='bbox 1258 1581 1377 1660; x_wconf 87' lang='lat' dir='ltr'>animo</span> <span class='ocrx_word' id='word_1_125' title='bbox 1403 1603 1487 1656; x_wconf 90' lang='lat' dir='ltr'>meo</span> <span class='ocrx_word' id='word_1_126' title='bbox 1506 1578 1606 1657; x_wconf 85' lang='lat' dir='ltr'>l&#39;erio</span> 
     </span>
     <span class='ocr_line' id='line_1_14' title="bbox 153 1675 1605 1777; baseline 0.008 -31"><span class='ocrx_word' id='word_1_127' title='bbox 153 1677 330 1757; x_wconf 79' lang='lat' dir='ltr'>:constitui</span> <span class='ocrx_word' id='word_1_128' title='bbox 346 1677 444 1754; x_wconf 89' lang='lat' dir='ltr'>bunc</span> <span class='ocrx_word' id='word_1_129' title='bbox 464 1675 603 1777; x_wconf 82' lang='lat' dir='ltr'>ingenii</span> <span class='ocrx_word' id='word_1_130' title='bbox 620 1676 692 1752; x_wconf 90' lang='lat' dir='ltr'>mei</span> <span class='ocrx_word' id='word_1_131' title='bbox 712 1693 878 1777; x_wconf 88' lang='lat' dir='ltr'>partum,</span> <span class='ocrx_word' id='word_1_132' title='bbox 906 1680 990 1756; x_wconf 90' lang='lat' dir='ltr'>dum</span> <span class='ocrx_word' id='word_1_133' title='bbox 1008 1680 1151 1770; x_wconf 84' lang='lat' dir='ltr'>vivam,</span> <span class='ocrx_word' id='word_1_134' title='bbox 1182 1682 1220 1756; x_wconf 92' lang='lat' dir='ltr'>in</span> <span class='ocrx_word' id='word_1_135' title='bbox 1247 1681 1368 1757; x_wconf 89' lang='lat' dir='ltr'>lucem</span> <span class='ocrx_word' id='word_1_136' title='bbox 1399 1676 1605 1758; x_wconf 85' lang='lat' dir='ltr'>emissurum</span> 
     </span>
     <span class='ocr_line' id='line_1_15' title="bbox 159 1777 1606 1882; baseline 0.001 -28"><span class='ocrx_word' id='word_1_137' title='bbox 159 1799 364 1876; x_wconf 87' lang='lat' dir='ltr'>nunquam,</span> <span class='ocrx_word' id='word_1_138' title='bbox 385 1795 426 1854; x_wconf 93' lang='lat' dir='ltr'>ut</span> <span class='ocrx_word' id='word_1_139' title='bbox 446 1801 493 1854; x_wconf 89' lang='lat' dir='ltr'>ne</span> <span class='ocrx_word' id='word_1_140' title='bbox 508 1777 616 1854; x_wconf 85' lang='lat' dir='ltr'>novis</span> <span class='ocrx_word' id='word_1_141' title='bbox 632 1777 929 1855; x_wconf 85' lang='lat' dir='ltr'>altercationibus</span> <span class='ocrx_word' id='word_1_142' title='bbox 943 1778 1110 1858; x_wconf 86' lang='lat' dir='ltr'>fomitem</span> <span class='ocrx_word' id='word_1_143' title='bbox 1142 1778 1370 1872; x_wconf 81' lang='lat' dir='ltr'>subtrudara,</span> <span class='ocrx_word' id='word_1_144' title='bbox 1401 1781 1606 1882; x_wconf 80' lang='lat' dir='ltr'>iisdemque</span> 
     </span>
     <span class='ocr_line' id='line_1_16' title="bbox 157 1878 1605 1982; baseline 0.004 -30"><span class='ocrx_word' id='word_1_145' title='bbox 157 1879 353 1975; x_wconf 86' lang='lat' dir='ltr'>peucislum</span> <span class='ocrx_word' id='word_1_146' title='bbox 374 1896 540 1979; x_wconf 88' lang='lat' dir='ltr'>tempus,</span> <span class='ocrx_word' id='word_1_147' title='bbox 560 1878 656 1977; x_wconf 89' lang='lat' dir='ltr'>quod</span> <span class='ocrx_word' id='word_1_148' title='bbox 675 1903 696 1954; x_wconf 87' lang='lat' dir='ltr'>a</span> <span class='ocrx_word' id='word_1_149' title='bbox 714 1878 813 1956; x_wconf 91' lang='lat' dir='ltr'>curis</span> <span class='ocrx_word' id='word_1_150' title='bbox 831 1879 1070 1980; x_wconf 86' lang='lat' dir='ltr'>negotiisque¹</span> <span class='ocrx_word' id='word_1_151' title='bbox 1084 1881 1243 1957; x_wconf 89' lang='lat' dir='ltr'>muneris</span> <span class='ocrx_word' id='word_1_152' title='bbox 1271 1883 1340 1958; x_wconf 87' lang='lat' dir='ltr'>mei</span> <span class='ocrx_word' id='word_1_153' title='bbox 1368 1880 1528 1982; x_wconf 88' lang='lat' dir='ltr'>superest</span> <span class='ocrx_word' id='word_1_154' title='bbox 1547 1881 1605 1958; x_wconf 77' lang='lat' dir='ltr'>bi-</span> 
     </span>
    </p>
   </div>
   <div class='ocr_carea' id='block_1_4' title="bbox 21 1969 1603 2083">
    <p class='ocr_par' dir='ltr' id='par_1_4' title="bbox 21 1969 1603 2083">
     <span class='ocr_line' id='line_1_17' title="bbox 21 1969 1603 2083; baseline 0.004 -32"><span class='ocrx_word' id='word_1_155' title='bbox 21 2019 24 2028; x_wconf 92' lang='lat'><em>·</em></span> <span class='ocrx_word' id='word_1_156' title='bbox 148 1978 298 2052; x_wconf 79' lang='lat' dir='ltr'>-sioricis</span> <span class='ocrx_word' id='word_1_157' title='bbox 317 1977 462 2068; x_wconf 88' lang='lat' dir='ltr'>studiis,</span> <span class='ocrx_word' id='word_1_158' title='bbox 484 1969 765 2078; x_wconf 73' lang='lat' dir='ltr'>extorqueatur.</span> <span class='ocrx_word' id='word_1_159' title='bbox 824 1977 908 2056; x_wconf 90' lang='lat' dir='ltr'>Hoc</span> <span class='ocrx_word' id='word_1_160' title='bbox 927 1978 1038 2057; x_wconf 87' lang='lat' dir='ltr'>solum</span> <span class='ocrx_word' id='word_1_161' title='bbox 1057 2000 1185 2074; x_wconf 85' lang='lat' dir='ltr'>contra</span> <span class='ocrx_word' id='word_1_162' title='bbox 1202 1976 1330 2060; x_wconf 86' lang='lat' dir='ltr'>asserta</span> <span class='ocrx_word' id='word_1_163' title='bbox 1356 1981 1453 2058; x_wconf 87' lang='lat' dir='ltr'>illius</span> <span class='ocrx_word' id='word_1_164' title='bbox 1472 2005 1554 2082; x_wconf 87' lang='lat' dir='ltr'>pag.</span> <span class='ocrx_word' id='word_1_165' title='bbox 1577 2004 1603 2083; x_wconf 83' lang='lat'>9</span> 
     </span>
    </p>
   </div>
   <div class='ocr_carea' id='block_1_5' title="bbox 54 2069 1606 3392">
    <p class='ocr_par' dir='ltr' id='par_1_5' title="bbox 54 2069 1606 3392">
     <span class='ocr_line' id='line_1_18' title="bbox 151 2069 1606 2182; baseline 0.004 -30"><span class='ocrx_word' id='word_1_166' title='bbox 151 2077 268 2154; x_wconf 76' lang='lat' dir='ltr'>amice</span> <span class='ocrx_word' id='word_1_167' title='bbox 285 2079 459 2155; x_wconf 88' lang='lat' dir='ltr'>trionittuu</span> <span class='ocrx_word' id='word_1_168' title='bbox 480 2081 612 2179; x_wconf 88' lang='lat' dir='ltr'>cupio:</span> <span class='ocrx_word' id='word_1_169' title='bbox 639 2100 789 2177; x_wconf 85' lang='lat' dir='ltr'>operam</span> <span class='ocrx_word' id='word_1_170' title='bbox 807 2069 1022 2178; x_wconf 86' lang='lat' dir='ltr'>perdidisse,</span> <span class='ocrx_word' id='word_1_171' title='bbox 1050 2105 1121 2158; x_wconf 90' lang='lat' dir='ltr'>nec</span> <span class='ocrx_word' id='word_1_172' title='bbox 1144 2081 1250 2172; x_wconf 87' lang='lat' dir='ltr'>mibi,</span> <span class='ocrx_word' id='word_1_173' title='bbox 1273 2105 1343 2160; x_wconf 92' lang='lat' dir='ltr'>nec</span> <span class='ocrx_word' id='word_1_174' title='bbox 1363 2083 1531 2182; x_wconf 86' lang='lat' dir='ltr'>cuiquam</span> <span class='ocrx_word' id='word_1_175' title='bbox 1545 2083 1606 2158; x_wconf 79' lang='lat' dir='ltr'>ab·</span> 
     </span>
     <span class='ocr_line' id='line_1_19' title="bbox 153 2177 1604 2284; baseline 0.005 -31"><span class='ocrx_word' id='word_1_176' title='bbox 153 2181 250 2271; x_wconf 89' lang='lat' dir='ltr'>teri,</span> <span class='ocrx_word' id='word_1_177' title='bbox 277 2179 340 2255; x_wconf 83' lang='lat' dir='ltr'>nist</span> <span class='ocrx_word' id='word_1_178' title='bbox 361 2183 551 2256; x_wconf 89' lang='lat' dir='ltr'>cerebrum</span> <span class='ocrx_word' id='word_1_179' title='bbox 572 2177 675 2255; x_wconf 90' lang='lat' dir='ltr'>nobis</span> <span class='ocrx_word' id='word_1_180' title='bbox 697 2179 734 2256; x_wconf 94' lang='lat' dir='ltr'>in</span> <span class='ocrx_word' id='word_1_181' title='bbox 754 2181 949 2258; x_wconf 86' lang='lat' dir='ltr'>calcaribus</span> <span class='ocrx_word' id='word_1_182' title='bbox 975 2183 1048 2272; x_wconf 73' lang='lat' dir='ltr'>sir„</span> <span class='ocrx_word' id='word_1_183' title='bbox 1109 2180 1331 2262; x_wconf 88' lang='lat' dir='ltr'>ersuasnrum</span> <span class='ocrx_word' id='word_1_184' title='bbox 1353 2205 1535 2284; x_wconf 86' lang='lat' dir='ltr'>unquam,</span> <span class='ocrx_word' id='word_1_185' title='bbox 1562 2201 1604 2260; x_wconf 88' lang='lat' dir='ltr'>ut</span> 
     </span>
     <span class='ocr_line' id='line_1_20' title="bbox 153 2209 1605 2387; baseline 0.005 -34"><span class='ocrx_word' id='word_1_186' title='bbox 153 2295 226 2354; x_wconf 87' lang='lat' dir='ltr'>tarn</span> <span class='ocrx_word' id='word_1_187' title='bbox 245 2299 390 2358; x_wconf 86' lang='lat' dir='ltr'>atroces</span> <span class='ocrx_word' id='word_1_188' title='bbox 411 2277 737 2379; x_wconf 82' lang='lat' dir='ltr'>exaggerationes,</span> <span class='ocrx_word' id='word_1_189' title='bbox 764 2277 974 2374; x_wconf 88' lang='lat' dir='ltr'>scommata,</span> <span class='ocrx_word' id='word_1_190' title='bbox 992 2280 1027 2362; x_wconf 80' lang='lat' dir='ltr'>dt</span> <span class='ocrx_word' id='word_1_191' title='bbox 1044 2209 1262 2376; x_wconf 59' lang='lat' dir='ltr'>cafarnnias,</span> <span class='ocrx_word' id='word_1_192' title='bbox 1289 2285 1413 2387; x_wconf 87' lang='lat' dir='ltr'>quales</span> <span class='ocrx_word' id='word_1_193' title='bbox 1434 2304 1605 2382; x_wconf 75' lang='lat' dir='ltr'>quantas·</span> 
     </span>
     <span class='ocr_line' id='line_1_21' title="bbox 154 2376 1601 2484; baseline 0.003 -28"><span class='ocrx_word' id='word_1_194' title='bbox 154 2402 227 2476; x_wconf 93' lang='lat' dir='ltr'>que</span> <span class='ocrx_word' id='word_1_195' title='bbox 247 2381 379 2456; x_wconf 87' lang='lat' dir='ltr'>author</span> <span class='ocrx_word' id='word_1_196' title='bbox 396 2381 434 2456; x_wconf 93' lang='lat' dir='ltr'>in</span> <span class='ocrx_word' id='word_1_197' title='bbox 453 2376 654 2456; x_wconf 76' lang='lat' dir='ltr'>Bolessau&#39;m</span> <span class='ocrx_word' id='word_1_198' title='bbox 680 2383 816 2457; x_wconf 82' lang='lat' dir='ltr'>Sevunr</span> <span class='ocrx_word' id='word_1_199' title='bbox 851 2379 996 2475; x_wconf 85' lang='lat' dir='ltr'>effutit,</span> <span class='ocrx_word' id='word_1_200' title='bbox 1025 2405 1046 2456; x_wconf 82' lang='lat' dir='ltr'>a</span> <span class='ocrx_word' id='word_1_201' title='bbox 1079 2384 1296 2460; x_wconf 84' lang='lat' dir='ltr'>Christanno</span> <span class='ocrx_word' id='word_1_202' title='bbox 1316 2377 1601 2484; x_wconf 75' lang='lat' dir='ltr'>finoprofemas</span> 
     </span>
     <span class='ocr_line' id='line_1_22' title="bbox 152 2478 1603 2586; baseline 0.003 -34"><span class='ocrx_word' id='word_1_203' title='bbox 152 2479 350 2554; x_wconf 87' lang='lat' dir='ltr'>credamus.</span> <span class='ocrx_word' id='word_1_204' title='bbox 401 2483 457 2556; x_wconf 82' lang='lat' dir='ltr'>At</span> <span class='ocrx_word' id='word_1_205' title='bbox 481 2478 695 2576; x_wconf 73' lang='lat' dir='ltr'>christianus</span> <span class='ocrx_word' id='word_1_206' title='bbox 709 2479 898 2558; x_wconf 81' lang='lat' dir='ltr'>monachus</span> <span class='ocrx_word' id='word_1_207' title='bbox 915 2511 986 2559; x_wconf 86' lang='lat' dir='ltr'>non</span> <span class='ocrx_word' id='word_1_208' title='bbox 1007 2487 1087 2586; x_wconf 74' lang='lat' dir='ltr'>agir</span> <span class='ocrx_word' id='word_1_209' title='bbox 1107 2483 1163 2560; x_wconf 82' lang='lat' dir='ltr'>lric</span> <span class='ocrx_word' id='word_1_210' title='bbox 1177 2487 1358 2586; x_wconf 73' lang='lat' dir='ltr'>perstruunt</span> <span class='ocrx_word' id='word_1_211' title='bbox 1369 2487 1442 2578; x_wconf 84' lang='lat' dir='ltr'>filii</span> <span class='ocrx_word' id='word_1_212' title='bbox 1450 2540 1463 2575; x_wconf 96' lang='lat'>,</span> <span class='ocrx_word' id='word_1_213' title='bbox 1471 2483 1603 2582; x_wconf 83' lang='lat' dir='ltr'>sedhi-</span> 
     </span>
     <span class='ocr_line' id='line_1_23' title="bbox 145 2579 1601 2756; baseline 0.004 -102"><span class='ocrx_word' id='word_1_214' title='bbox 145 2583 294 2675; x_wconf 87' lang='lat' dir='ltr'>storici,</span> <span class='ocrx_word' id='word_1_215' title='bbox 321 2579 637 2756; x_wconf 65' lang='lat' dir='ltr'>mihi‘opponitur.</span> <span class='ocrx_word' id='word_1_216' title='bbox 692 2580 813 2678; x_wconf 83' lang='lat' dir='ltr'>Igitur</span> <span class='ocrx_word' id='word_1_217' title='bbox 832 2581 965 2660; x_wconf 83' lang='lat' dir='ltr'>veritas</span> <span class='ocrx_word' id='word_1_218' title='bbox 988 2584 1150 2660; x_wconf 80' lang='lat' dir='ltr'>historici</span> <span class='ocrx_word' id='word_1_219' title='bbox 1174 2586 1402 2684; x_wconf 75' lang='lat' dir='ltr'>historiaque</span> <span class='ocrx_word' id='word_1_220' title='bbox 1419 2581 1601 2684; x_wconf 86' lang='lat' dir='ltr'>pesstmrit,</span> 
     </span>
     <span class='ocr_line' id='line_1_24' title="bbox 54 2675 1601 2783; baseline 0.002 -28"><span class='ocrx_word' id='word_1_221' title='bbox 54 2714 57 2722; x_wconf 45' lang='lat'><strong>¹</strong></span> <span class='ocrx_word' id='word_1_222' title='bbox 151 2679 217 2755; x_wconf 75' lang='lat' dir='ltr'>nisi</span> <span class='ocrx_word' id='word_1_223' title='bbox 237 2675 433 2780; x_wconf 81' lang='lat' dir='ltr'>presertim</span> <span class='ocrx_word' id='word_1_224' title='bbox 465 2679 548 2757; x_wconf 88' lang='lat' dir='ltr'>isius</span> <span class='ocrx_word' id='word_1_225' title='bbox 570 2701 640 2759; x_wconf 86' lang='lat' dir='ltr'>tam</span> <span class='ocrx_word' id='word_1_226' title='bbox 660 2681 838 2758; x_wconf 88' lang='lat' dir='ltr'>atrociter</span> <span class='ocrx_word' id='word_1_227' title='bbox 858 2681 896 2757; x_wconf 90' lang='lat' dir='ltr'>in</span> <span class='ocrx_word' id='word_1_228' title='bbox 923 2701 1062 2783; x_wconf 82' lang='lat' dir='ltr'>patrem</span> <span class='ocrx_word' id='word_1_229' title='bbox 1092 2683 1306 2776; x_wconf 85' lang='lat' dir='ltr'>invehatur,</span> <span class='ocrx_word' id='word_1_230' title='bbox 1334 2702 1391 2762; x_wconf 89' lang='lat' dir='ltr'>tot</span> <span class='ocrx_word' id='word_1_231' title='bbox 1416 2683 1601 2782; x_wconf 84' lang='lat' dir='ltr'>tantisque</span> 
     </span>
     <span class='ocr_line' id='line_1_25' title="bbox 150 2777 1602 2882; baseline 0.003 -28"><span class='ocrx_word' id='word_1_232' title='bbox 150 2777 399 2858; x_wconf 86' lang='lat' dir='ltr'>scommatibus</span> <span class='ocrx_word' id='word_1_233' title='bbox 423 2805 505 2878; x_wconf 87' lang='lat' dir='ltr'>curn</span> <span class='ocrx_word' id='word_1_234' title='bbox 523 2783 684 2860; x_wconf 72' lang='lat' dir='ltr'>oneret?</span> <span class='ocrx_word' id='word_1_235' title='bbox 712 2781 797 2860; x_wconf 90' lang='lat' dir='ltr'>Non</span> <span class='ocrx_word' id='word_1_236' title='bbox 808 2783 932 2882; x_wconf 90' lang='lat' dir='ltr'>potnit</span> <span class='ocrx_word' id='word_1_237' title='bbox 951 2783 1133 2862; x_wconf 88' lang='lat' dir='ltr'>isonrnem</span> <span class='ocrx_word' id='word_1_238' title='bbox 1151 2784 1394 2862; x_wconf 87' lang='lat' dir='ltr'>veritatemin</span> <span class='ocrx_word' id='word_1_239' title='bbox 1406 2781 1602 2862; x_wconf 80' lang='lat' dir='ltr'>recensen-</span> 
     </span>
     <span class='ocr_line' id='line_1_26' title="bbox 149 2881 1600 2988; baseline 0.003 -31"><span class='ocrx_word' id='word_1_240' title='bbox 149 2882 196 2957; x_wconf 91' lang='lat' dir='ltr'>do</span> <span class='ocrx_word' id='word_1_241' title='bbox 212 2883 392 2981; x_wconf 86' lang='lat' dir='ltr'>martyrio</span> <span class='ocrx_word' id='word_1_242' title='bbox 412 2887 445 2960; x_wconf 89' lang='lat' dir='ltr'>S.</span> <span class='ocrx_word' id='word_1_243' title='bbox 458 2882 678 2963; x_wconf 87' lang='lat' dir='ltr'>Wencessai</span> <span class='ocrx_word' id='word_1_244' title='bbox 698 2903 867 2960; x_wconf 88' lang='lat' dir='ltr'>accurate</span> <span class='ocrx_word' id='word_1_245' title='bbox 886 2881 1086 2988; x_wconf 79' lang='lat' dir='ltr'>persequi,</span> <span class='ocrx_word' id='word_1_246' title='bbox 1112 2886 1202 2986; x_wconf 90' lang='lat' dir='ltr'>quin</span> <span class='ocrx_word' id='word_1_247' title='bbox 1227 2905 1367 2988; x_wconf 84' lang='lat' dir='ltr'>patrem</span> <span class='ocrx_word' id='word_1_248' title='bbox 1394 2884 1498 2964; x_wconf 87' lang='lat' dir='ltr'>sumn</span> <span class='ocrx_word' id='word_1_249' title='bbox 1511 2904 1600 2986; x_wconf 81' lang='lat' dir='ltr'>per·</span> 
     </span>
     <span class='ocr_line' id='line_1_27' title="bbox 147 2985 1596 3090; baseline 0.004 -32"><span class='ocrx_word' id='word_1_250' title='bbox 147 2985 283 3082; x_wconf 70' lang='lat' dir='ltr'>versam</span> <span class='ocrx_word' id='word_1_251' title='bbox 304 2986 556 3084; x_wconf 80' lang='lat' dir='ltr'>parricidam,</span> <span class='ocrx_word' id='word_1_252' title='bbox 594 2987 820 3090; x_wconf 50' lang='lat' dir='ltr'>syrannum,</span> <span class='ocrx_word' id='word_1_253' title='bbox 856 2987 1028 3082; x_wconf 75' lang='lat' dir='ltr'>infelicem</span> <span class='ocrx_word' id='word_1_254' title='bbox 1055 2993 1276 3083; x_wconf 82' lang='lat' dir='ltr'>carnificem,</span> <span class='ocrx_word' id='word_1_255' title='bbox 1307 2989 1461 3066; x_wconf 78' lang='lat' dir='ltr'>alterum</span> <span class='ocrx_word' id='word_1_256' title='bbox 1486 2988 1596 3075; x_wconf 85' lang='lat' dir='ltr'>Cain,</span> 
     </span>
     <span class='ocr_line' id='line_1_28' title="bbox 57 3083 1598 3186; baseline 0.004 -29"><span class='ocrx_word' id='word_1_257' title='bbox 57 3131 62 3140; x_wconf 88' lang='lat'><strong>·</strong></span> <span class='ocrx_word' id='word_1_258' title='bbox 146 3083 416 3178; x_wconf 69' lang='lat' dir='ltr'>crudelifflmum</span> <span class='ocrx_word' id='word_1_259' title='bbox 423 3089 620 3182; x_wconf 78' lang='lat' dir='ltr'>fratrum,</span> <span class='ocrx_word' id='word_1_260' title='bbox 640 3083 782 3180; x_wconf 79' lang='lat' dir='ltr'>dtrstium</span> <span class='ocrx_word' id='word_1_261' title='bbox 789 3087 1064 3186; x_wconf 78' lang='lat' dir='ltr'>severiffimum,</span> <span class='ocrx_word' id='word_1_262' title='bbox 1092 3089 1284 3186; x_wconf 69' lang='lat' dir='ltr'>membrum</span> <span class='ocrx_word' id='word_1_263' title='bbox 1301 3086 1431 3168; x_wconf 79' lang='lat' dir='ltr'>diaboli</span> <span class='ocrx_word' id='word_1_264' title='bbox 1447 3086 1598 3182; x_wconf 72' lang='lat' dir='ltr'>&amp;ecri-</span> 
     </span>
     <span class='ocr_line' id='line_1_29' title="bbox 145 3177 1598 3288; baseline 0.006 -32"><span class='ocrx_word' id='word_1_265' title='bbox 145 3180 303 3258; x_wconf 83' lang='lat' dir='ltr'>minatus</span> <span class='ocrx_word' id='word_1_266' title='bbox 322 3177 473 3260; x_wconf 76' lang='lat' dir='ltr'>suisset?</span> <span class='ocrx_word' id='word_1_267' title='bbox 501 3185 631 3261; x_wconf 66' lang='lat' dir='ltr'>Quem</span> <span class='ocrx_word' id='word_1_268' title='bbox 645 3183 984 3287; x_wconf 85' lang='lat' dir='ltr'>siliumeslingenrus</span> <span class='ocrx_word' id='word_1_269' title='bbox 1005 3209 1076 3267; x_wconf 83' lang='lat' dir='ltr'>tarn</span> <span class='ocrx_word' id='word_1_270' title='bbox 1088 3187 1296 3282; x_wconf 82' lang='lat' dir='ltr'>effrontem,</span> <span class='ocrx_word' id='word_1_271' title='bbox 1306 3207 1378 3268; x_wconf 85' lang='lat' dir='ltr'>tarn</span> <span class='ocrx_word' id='word_1_272' title='bbox 1388 3190 1504 3268; x_wconf 89' lang='lat' dir='ltr'>omnis</span> <span class='ocrx_word' id='word_1_273' title='bbox 1515 3189 1598 3288; x_wconf 91' lang='lat' dir='ltr'>pie·</span> 
     </span>
     <span class='ocr_line' id='line_1_30' title="bbox 145 3280 1595 3392; baseline 0.005 -32"><span class='ocrx_word' id='word_1_274' title='bbox 145 3281 231 3360; x_wconf 84' lang='lat' dir='ltr'>tatis</span> <span class='ocrx_word' id='word_1_275' title='bbox 252 3280 369 3358; x_wconf 87' lang='lat' dir='ltr'>filialis</span> <span class='ocrx_word' id='word_1_276' title='bbox 388 3283 658 3376; x_wconf 87' lang='lat' dir='ltr'>immemorem,</span> <span class='ocrx_word' id='word_1_277' title='bbox 675 3303 717 3362; x_wconf 91' lang='lat' dir='ltr'>ut</span> <span class='ocrx_word' id='word_1_278' title='bbox 732 3287 806 3362; x_wconf 87' lang='lat' dir='ltr'>haec</span> <span class='ocrx_word' id='word_1_279' title='bbox 824 3310 896 3364; x_wconf 93' lang='lat' dir='ltr'>non</span> <span class='ocrx_word' id='word_1_280' title='bbox 912 3291 1022 3366; x_wconf 87' lang='lat' dir='ltr'>modo</span> <span class='ocrx_word' id='word_1_281' title='bbox 1035 3291 1132 3389; x_wconf 90' lang='lat' dir='ltr'>patri</span> <span class='ocrx_word' id='word_1_282' title='bbox 1152 3292 1424 3392; x_wconf 85' lang='lat' dir='ltr'>improperare,</span> <span class='ocrx_word' id='word_1_283' title='bbox 1451 3287 1595 3370; x_wconf 85' lang='lat' dir='ltr'>sedeti-</span> 
     </span>
    </p>
   </div>
   <div class='ocr_carea' id='block_1_6' title="bbox 144 3381 1715 3491">
    <p class='ocr_par' dir='ltr' id='par_1_6' title="bbox 144 3381 1715 3491">
     <span class='ocr_line' id='line_1_31' title="bbox 144 3381 1715 3491; baseline 0.003 -31"><span class='ocrx_word' id='word_1_284' title='bbox 144 3405 200 3460; x_wconf 74' lang='lat' dir='ltr'>am</span> <span class='ocrx_word' id='word_1_285' title='bbox 218 3381 261 3469; x_wconf 82' lang='lat' dir='ltr'>ad</span> <span class='ocrx_word' id='word_1_286' title='bbox 280 3405 423 3460; x_wconf 86' lang='lat' dir='ltr'>ornnem</span> <span class='ocrx_word' id='word_1_287' title='bbox 441 3383 689 3482; x_wconf 84' lang='lat' dir='ltr'>posteritatem</span> <span class='ocrx_word' id='word_1_288' title='bbox 707 3384 946 3465; x_wconf 87' lang='lat' dir='ltr'>transcribere</span> <span class='ocrx_word' id='word_1_289' title='bbox 964 3387 1071 3469; x_wconf 89' lang='lat' dir='ltr'>ausus</span> <span class='ocrx_word' id='word_1_290' title='bbox 1090 3389 1242 3470; x_wconf 73' lang='lat' dir='ltr'>suisset?</span> <span class='ocrx_word' id='word_1_291' title='bbox 1262 3415 1338 3491; x_wconf 94' lang='lat' dir='ltr'>quo</span> <span class='ocrx_word' id='word_1_292' title='bbox 1353 3391 1472 3468; x_wconf 91' lang='lat' dir='ltr'>animo</span> <span class='ocrx_word' id='word_1_293' title='bbox 1483 3392 1593 3470; x_wconf 88' lang='lat' dir='ltr'>etiam</span> <span class='ocrx_word' id='word_1_294' title='bbox 1710 3455 1715 3462; x_wconf 88' lang='lat'><em>.</em></span> 
     </span>
    </p>
   </div>
   <div class='ocr_carea' id='block_1_7' title="bbox 142 3479 1593 3791">
    <p class='ocr_par' dir='ltr' id='par_1_7' title="bbox 142 3479 1593 3791">
     <span class='ocr_line' id='line_1_32' title="bbox 143 3479 1593 3592; baseline 0.003 -28"><span class='ocrx_word' id='word_1_295' title='bbox 143 3487 220 3564; x_wconf 80' lang='lat' dir='ltr'>hec</span> <span class='ocrx_word' id='word_1_296' title='bbox 238 3484 378 3562; x_wconf 87' lang='lat' dir='ltr'>loturus</span> <span class='ocrx_word' id='word_1_297' title='bbox 395 3479 517 3562; x_wconf 81' lang='lat' dir='ltr'>fuisset</span> <span class='ocrx_word' id='word_1_298' title='bbox 537 3483 671 3564; x_wconf 84' lang='lat' dir='ltr'>vivens</span> <span class='ocrx_word' id='word_1_299' title='bbox 682 3485 866 3564; x_wconf 85' lang='lat' dir='ltr'>Boleslans</span> <span class='ocrx_word' id='word_1_300' title='bbox 877 3490 975 3588; x_wconf 90' lang='lat' dir='ltr'>pins,</span> <span class='ocrx_word' id='word_1_301' title='bbox 994 3514 1134 3592; x_wconf 78' lang='lat' dir='ltr'>patrcrn</span> <span class='ocrx_word' id='word_1_302' title='bbox 1149 3489 1251 3572; x_wconf 91' lang='lat' dir='ltr'>suum</span> <span class='ocrx_word' id='word_1_303' title='bbox 1266 3513 1338 3570; x_wconf 85' lang='lat' dir='ltr'>tam</span> <span class='ocrx_word' id='word_1_304' title='bbox 1351 3490 1593 3580; x_wconf 81' lang='lat' dir='ltr'>contumelio·</span> 
     </span>
     <span class='ocr_line' id='line_1_33' title="bbox 143 3583 1592 3695; baseline 0.007 -33"><span class='ocrx_word' id='word_1_305' title='bbox 143 3583 178 3662; x_wconf 83' lang='lat' dir='ltr'>sa</span> <span class='ocrx_word' id='word_1_306' title='bbox 196 3584 364 3662; x_wconf 89' lang='lat' dir='ltr'>oratione</span> <span class='ocrx_word' id='word_1_307' title='bbox 386 3607 460 3662; x_wconf 94' lang='lat' dir='ltr'>non</span> <span class='ocrx_word' id='word_1_308' title='bbox 481 3603 611 3686; x_wconf 81' lang='lat' dir='ltr'>preter</span> <span class='ocrx_word' id='word_1_309' title='bbox 630 3585 797 3666; x_wconf 87' lang='lat' dir='ltr'>summam</span> <span class='ocrx_word' id='word_1_310' title='bbox 815 3584 911 3666; x_wconf 86' lang='lat' dir='ltr'>suam</span> <span class='ocrx_word' id='word_1_311' title='bbox 929 3613 1216 3695; x_wconf 75' lang='lat' dir='ltr'>agitatorumque</span> <span class='ocrx_word' id='word_1_312' title='bbox 1237 3593 1397 3671; x_wconf 84' lang='lat' dir='ltr'>omnium</span> <span class='ocrx_word' id='word_1_313' title='bbox 1409 3613 1592 3672; x_wconf 52' lang='lat' dir='ltr'>rerecuo,</span> 
     </span>
     <span class='ocr_line' id='line_1_34' title="bbox 142 3683 1589 3791; baseline 0.008 -29"><span class='ocrx_word' id='word_1_314' title='bbox 142 3685 234 3762; x_wconf 84' lang='lat' dir='ltr'>diam</span> <span class='ocrx_word' id='word_1_315' title='bbox 256 3683 374 3764; x_wconf 82' lang='lat' dir='ltr'>laoeffi</span> <span class='ocrx_word' id='word_1_316' title='bbox 399 3687 573 3780; x_wconf 83' lang='lat' dir='ltr'>audiens,</span> <span class='ocrx_word' id='word_1_317' title='bbox 591 3689 651 3768; x_wconf 89' lang='lat' dir='ltr'>cni</span> <span class='ocrx_word' id='word_1_318' title='bbox 676 3687 766 3765; x_wconf 84' lang='lat' dir='ltr'>seria</span> <span class='ocrx_word' id='word_1_319' title='bbox 783 3689 898 3789; x_wconf 81' lang='lat' dir='ltr'>patris</span> <span class='ocrx_word' id='word_1_320' title='bbox 916 3689 1156 3791; x_wconf 76' lang='lat' dir='ltr'>poenitentia,</span> <span class='ocrx_word' id='word_1_321' title='bbox 1182 3712 1239 3772; x_wconf 92' lang='lat' dir='ltr'>tot</span> <span class='ocrx_word' id='word_1_322' title='bbox 1254 3694 1447 3772; x_wconf 86' lang='lat' dir='ltr'>nonmodo</span> <span class='ocrx_word' id='word_1_323' title='bbox 1463 3693 1589 3774; x_wconf 83' lang='lat' dir='ltr'>iurem</span> 
     </span>
    </p>
   </div>
   <div class='ocr_carea' id='block_1_8' title="bbox 141 3783 1777 3901">
    <p class='ocr_par' dir='ltr' id='par_1_8' title="bbox 141 3783 1777 3901">
     <span class='ocr_line' id='line_1_35' title="bbox 141 3783 1777 3901; baseline 0.007 -37"><span class='ocrx_word' id='word_1_324' title='bbox 141 3783 326 3901; x_wconf 77' lang='lat' dir='ltr'>politicum</span> <span class='ocrx_word' id='word_1_325' title='bbox 348 3785 406 3864; x_wconf 90' lang='lat' dir='ltr'>sed</span> <span class='ocrx_word' id='word_1_326' title='bbox 426 3787 536 3888; x_wconf 87' lang='lat' dir='ltr'>ipsam</span> <span class='ocrx_word' id='word_1_327' title='bbox 554 3790 818 3881; x_wconf 83' lang='lat' dir='ltr'>Christianam,</span> <span class='ocrx_word' id='word_1_328' title='bbox 856 3791 1126 3896; x_wconf 83' lang='lat' dir='ltr'>Ecclebamque</span> <span class='ocrx_word' id='word_1_329' title='bbox 1156 3796 1356 3896; x_wconf 86' lang='lat' dir='ltr'>promerita</span> <span class='ocrx_word' id='word_1_330' title='bbox 1381 3817 1456 3872; x_wconf 91' lang='lat' dir='ltr'>non</span> <span class='ocrx_word' id='word_1_331' title='bbox 1482 3813 1588 3874; x_wconf 86' lang='lat' dir='ltr'>erant</span> <span class='ocrx_word' id='word_1_332' title='bbox 1640 3831 1644 3838; x_wconf 93' lang='lat'>·</span> <span class='ocrx_word' id='word_1_333' title='bbox 1771 3791 1777 3802; x_wconf 85' lang='lat'>&#39;</span> 
     </span>
    </p>
   </div>
   <div class='ocr_carea' id='block_1_9' title="bbox 135 3883 1587 4389">
    <p class='ocr_par' dir='ltr' id='par_1_9' title="bbox 141 3883 1585 3996">
     <span class='ocr_line' id='line_1_36' title="bbox 141 3883 1585 3996; baseline 0.01 -34"><span class='ocrx_word' id='word_1_334' title='bbox 141 3887 362 3985; x_wconf 75' lang='lat' dir='ltr'>incognita?</span> <span class='ocrx_word' id='word_1_335' title='bbox 389 3883 483 3987; x_wconf 91' lang='lat' dir='ltr'>Ubi,</span> <span class='ocrx_word' id='word_1_336' title='bbox 501 3891 562 3969; x_wconf 89' lang='lat' dir='ltr'>ubi</span> <span class='ocrx_word' id='word_1_337' title='bbox 583 3892 622 3970; x_wconf 87' lang='lat' dir='ltr'>in</span> <span class='ocrx_word' id='word_1_338' title='bbox 642 3895 708 3972; x_wconf 84' lang='lat' dir='ltr'>bac</span> <span class='ocrx_word' id='word_1_339' title='bbox 727 3889 897 3970; x_wconf 84' lang='lat' dir='ltr'>universa</span> <span class='ocrx_word' id='word_1_340' title='bbox 916 3894 993 3972; x_wconf 88' lang='lat' dir='ltr'>vita</span> <span class='ocrx_word' id='word_1_341' title='bbox 1012 3897 1074 3972; x_wconf 86' lang='lat' dir='ltr'>vel</span> <span class='ocrx_word' id='word_1_342' title='bbox 1091 3897 1263 3977; x_wconf 89' lang='lat' dir='ltr'>indicium</span> <span class='ocrx_word' id='word_1_343' title='bbox 1285 3898 1401 3976; x_wconf 84' lang='lat' dir='ltr'>laudis</span> <span class='ocrx_word' id='word_1_344' title='bbox 1418 3897 1585 3996; x_wconf 81' lang='lat' dir='ltr'>alicujus,</span> 
     </span>
    </p>

    <p class='ocr_par' dir='ltr' id='par_1_10' title="bbox 141 3987 1587 4099">
     <span class='ocr_line' id='line_1_37' title="bbox 141 3987 1587 4099; baseline 0.008 -31"><span class='ocrx_word' id='word_1_345' title='bbox 141 3989 206 4068; x_wconf 91' lang='lat' dir='ltr'>ubi</span> <span class='ocrx_word' id='word_1_346' title='bbox 223 3988 284 4068; x_wconf 88' lang='lat' dir='ltr'>vel</span> <span class='ocrx_word' id='word_1_347' title='bbox 301 3987 444 4090; x_wconf 84' lang='lat' dir='ltr'>minima</span> <span class='ocrx_word' id='word_1_348' title='bbox 463 3993 671 4094; x_wconf 85' lang='lat' dir='ltr'>exculpatio</span> <span class='ocrx_word' id='word_1_349' title='bbox 690 3993 955 4094; x_wconf 73' lang='lat' dir='ltr'>incogitantia,</span> <span class='ocrx_word' id='word_1_350' title='bbox 974 3997 1152 4099; x_wconf 87' lang='lat' dir='ltr'>impetus,</span> <span class='ocrx_word' id='word_1_351' title='bbox 1179 3997 1385 4099; x_wconf 79' lang='lat' dir='ltr'>fragilitatis</span> <span class='ocrx_word' id='word_1_352' title='bbox 1412 4003 1587 4080; x_wconf 74' lang='lat' dir='ltr'>aestuare·</span> 
     </span>
    </p>

    <p class='ocr_par' dir='ltr' id='par_1_11' title="bbox 139 4025 1584 4193">
     <span class='ocr_line' id='line_1_38' title="bbox 139 4025 1584 4193; baseline 0.004 -21"><span class='ocrx_word' id='word_1_353' title='bbox 139 4111 217 4182; x_wconf 77' lang='lat' dir='ltr'>ne,</span> <span class='ocrx_word' id='word_1_354' title='bbox 243 4115 314 4190; x_wconf 84' lang='lat' dir='ltr'>qtra</span> <span class='ocrx_word' id='word_1_355' title='bbox 334 4113 499 4169; x_wconf 87' lang='lat' dir='ltr'>errorem</span> <span class='ocrx_word' id='word_1_356' title='bbox 518 4096 634 4193; x_wconf 84' lang='lat' dir='ltr'>patris</span> <span class='ocrx_word' id='word_1_357' title='bbox 653 4117 852 4172; x_wconf 80' lang='lat' dir='ltr'>extenuare</span> <span class='ocrx_word' id='word_1_358' title='bbox 867 4118 941 4172; x_wconf 91' lang='lat' dir='ltr'>non</span> <span class='ocrx_word' id='word_1_359' title='bbox 963 4096 1202 4180; x_wconf 79' lang='lat' dir='ltr'>intermisisset</span> <span class='ocrx_word' id='word_1_360' title='bbox 1218 4101 1343 4180; x_wconf 75' lang='lat' dir='ltr'>filius?</span> <span class='ocrx_word' id='word_1_361' title='bbox 1370 4025 1434 4181; x_wconf 68' lang='lat' dir='ltr'>uiri</span> <span class='ocrx_word' id='word_1_362' title='bbox 1452 4101 1584 4180; x_wconf 80' lang='lat' dir='ltr'>author</span> 
     </span>
    </p>

    <p class='ocr_par' dir='ltr' id='par_1_12' title="bbox 135 4189 1583 4389">
     <span class='ocr_line' id='line_1_39' title="bbox 135 4189 1583 4376; baseline 0.006 -109"><span class='ocrx_word' id='word_1_363' title='bbox 135 4189 218 4295; x_wconf 83' lang='lat' dir='ltr'>ipse</span> <span class='ocrx_word' id='word_1_364' title='bbox 234 4192 300 4271; x_wconf 91' lang='lat' dir='ltr'>vel</span> <span class='ocrx_word' id='word_1_365' title='bbox 319 4191 513 4296; x_wconf 81' lang='lat' dir='ltr'>vestigium</span> <span class='ocrx_word' id='word_1_366' title='bbox 528 4195 680 4302; x_wconf 84' lang='lat' dir='ltr'>reliquit</span> <span class='ocrx_word' id='word_1_367' title='bbox 697 4196 848 4376; x_wconf 53' lang='lat' dir='ltr'>choaspe</span> <span class='ocrx_word' id='word_1_368' title='bbox 867 4200 1115 4297; x_wconf 70' lang='lat' dir='ltr'>verecundie,</span> <span class='ocrx_word' id='word_1_369' title='bbox 1129 4214 1274 4302; x_wconf 76' lang='lat' dir='ltr'>metm,</span> <span class='ocrx_word' id='word_1_370' title='bbox 1298 4224 1361 4288; x_wconf 75' lang='lat' dir='ltr'>ruat</span> <span class='ocrx_word' id='word_1_371' title='bbox 1378 4199 1583 4314; x_wconf 64' lang='lat' dir='ltr'>excusatio·</span> 
     </span>
     <span class='ocr_line' id='line_1_40' title="bbox 842 4317 1534 4389; baseline 0.019 -12"><span class='ocrx_word' id='word_1_372' title='bbox 842 4317 857 4377; x_wconf 90' lang='lat' dir='ltr'>t</span> <span class='ocrx_word' id='word_1_373' title='bbox 881 4321 908 4378; x_wconf 85' lang='lat'><em>2</em></span> <span class='ocrx_word' id='word_1_374' title='bbox 1471 4323 1534 4389; x_wconf 63' lang='lat' dir='ltr'>lib!</span> 
     </span>
    </p>
   </div>
   <div class='ocr_carea' id='block_1_10' title="bbox 0 0 1962 4822">
    <p class='ocr_par' dir='ltr' id='par_1_13' title="bbox 0 0 1962 4822">
     <span class='ocr_line' id='line_1_41' title="bbox 0 0 1962 4822; baseline 0 12"><span class='ocrx_word' id='word_1_375' title='bbox 0 0 1962 4822; x_wconf 95' lang='lat' dir='ltr'> </span> 
     </span>
    </p>
   </div>
   <div class='ocr_carea' id='block_1_11' title="bbox 1946 3357 1967 4792">
    <p class='ocr_par' dir='ltr' id='par_1_14' title="bbox 1946 3357 1967 4792">
     <span class='ocr_line' id='line_1_42' title="bbox 1946 3357 1967 4792; baseline 0 0"><span class='ocrx_word' id='word_1_376' title='bbox 1946 3357 1967 4792; x_wconf 95' lang='lat' dir='ltr'> </span> 
     </span>
    </p>
   </div>
  </div>
 </body>
</html>
