3900 4814
437 347 511 420 402
616 380 705 423 .,
818 377 821 384 ·
954 325 1315 430 Auuns995.·

111 533 113 538 ,
326 475 329 486 ‘
388 486 430 547 ut
452 469 521 564 jam
539 493 622 547 mox
644 489 917 548 commemorata
934 473 1042 551 Τοιη.Ι
1060 475 1104 554 ΙΙ.
1128 473 1239 550 nostri
1259 473 1383 572 pagius
1397 464 1846 555 animadvertimusmuic

153 576 301 642 mentius
322 563 698 650 Dt·Bolld11diuu0ru1n
718 574 798 650 erili
818 573 1007 650 adversum
1029 578 1058 650 it
1079 573 1293 651 doililbmus
1316 575 1385 650 Vir
1411 569 1610 648 llermtdus
1632 568 1762 645 Pezius
1775 627 1785 660 ,
1798 571 1842 646 ἃ

144 662 622 774 edunto-Histenprouuua
643 673 791 775 quadam
812 673 1020 771 synchrono
1049 676 1199 774 epistola
1228 673 1437 772 Tbietpaldi
1468 669 1639 746 blouuchi
1663 670 1841 770 Tegetn-

155 745 240 828 nm
263 745 515 894 Tfflteenns
536 776 591 853 us
611 777 732 854 verus
754 771 948 876 iuscripta:
977 779 1107 853 nutu
1125 780 1258 870 flou-n
1288 803 1370 852 rore
1401 771 1558 848 „iatine
1572 773 1705 869 sunm
1740 773 1842 870 nm

149 831 282 978 iffi
316 873 327 898 ⁰
371 877 497 973 stenfis
520 877 661 972 ecclefiae
679 875 857 953 cathedre
867 879 1076 978 prestitum
1093 877 1289 976 Aciniperto
1305 877 1368 948 lc.
1390 891 1679 972 argumentatur,
1699 895 1836 950 revera

383 981 419 1060 S.
434 977 668 1055 Adalbettunt
689 975 901 1054 Gnesnensts
919 981 1073 1053 ecclesie
1104 975 1203 1054 suiii'e
1221 973 1573 1072 eltebiepiseopum,
1602 995 1643 1047 nc
1674 972 1840 1069 denique

382 1076 555 1155 adversus
578 1079 826 1156 Bollandinnos
854 1079 973 1155 veluti
1006 1079 1169 1155 vium-ize
1197 1077 1341 1152 t'ecutus
1378 1077 1434 1151 his
1465 1073 1588 1150 verbis
1617 1071 1873 1150 sententiam-

383 1180 622 1279 pronunciot:
649 1179 737 1258 Inde
757 1199 876 1256 tanuen
895 1179 1114 1274 eroditiffijmi
1138 1177 1359 1256 linllnndioni
1385 1181 1491 1252 eutici
1503 1177 1619 1278 'nostri
1640 1175 1838 1252 admittere

382 1300 577 1386 cogentur,
599 1281 695 1386 quod
703 1279 867 1381 pluribus
878 1277 1128 1381 prestantibus
1137 1275 1376 1381 striptoribes
1393 1281 1434 1377 se
1465 1293 1586 1376 operte
1614 1304 1656 1350 ot
1679 1280 1837 1369 firmate

384 1381 472 1456 dare
490 1407 557 1456 non
569 1383 658 1482 poffe
679 1379 839 1457 dadinus
860 1384 1064 1480 cenſsierunt
1093 1433 1102 1455 .
1131 1433 1142 1458 .
1171 1436 1181 1456 .
1211 1433 1222 1454 .
1273 1379 1345 1454 uod
1363 1381 1399 1454 S.
1420 1373 1645 1454 Adalbertos
1676 1374 1836 1454 Roderto

383 1479 645 1584 Artdiepiscopo
662 1482 788 1581 insede
812 1483 1000 1577 Gnesnetfi
1011 1509 1139 1556 revera
1166 1405 1368 1578 nescirit,
1388 1497 1430 1556 ut
1448 1482 1525 1580 post
1545 1477 1723 1576 Joennem
1739 1479 1843 1556 Diu-

379 1585 525 1688 goffium
545 1586 740 1688 Longinum
749 1585 874 1696 pqffim
891 1583 1047 1659 trudunt
1067 1581 1236 1678 Historici
1248 1581 1379 1660 Poloni.
1431 1581 1485 1656 At
1503 1579 1738 1654 nosnelatum
1753 1579 1838 1672 utti-

385 1687 467 1760 dem
489 1705 645 1782 unguem
666 1709 685 1758 u
708 1704 833 1785 priore
854 1679 1027 1758 sententia
1049 1683 1291 1760 recedendum
1312 1699 1534 1757 autumamus
1547 1735 1559 1768 ,
1572 1679 1838 1780 Archiepisco·

384 1777 1838 1883 potumqueGelitensetnexmemoriisDitmntialiorumquecoevouiuonptius

346 1907 352 1917 ·
382 1903 494 1981 etque
515 1883 616 1960 aunis
641 1883 802 1982 quinque
822 1883 998 1981 posterius
1019 1881 1421 1984 coepilse‚p1·itnsmque
1441 1881 1750 1978 metropolitanam
1773 1906 1839 1958 ca-

383 1986 548 2062 thedmm
576 1983 782 2062 Gaudentio
805 1985 929 2061 deberi
951 1985 1186 2061 indubitatum
1206 1987 1412 2073 statuimus,
1440 1983 1533 2058 odeo
1551 1999 1593 2057 ut
1610 2005 1678 2057 nec
1695 1983 1837 2059 Robet-

382 2101 424 2162 to
444 2085 518 2174 illi,
539 2109 607 2160 nec
626 2091 660 2162 S.
671 2086 873 2160 Adulbetto
894 2087 996 2161 locus
1018 2081 1089 2160 elie
1108 2083 1221 2185 polilt.
1293 2085 1485 2185 Epistolom
1508 2080 1660 2159 aPezio
1679 2085 1838 2184 produc-

383 2201 454 2260 ttun
475 2205 514 2261 ut
534 2205 574 2261 nt
593 2186 837 2269 S.Adalbetto
859 2186 981 2262 nolito
1006 2183 1211 2285 inscriptam
1236 2183 1339 2263 suille
1348 2185 1567 2261 admittimus
1583 2185 1698 2271 ,nibil
1718 2203 1836 2262 tumen

370 2286 500 2382 *minus
519 2285 579 2362 illa
596 2285 797 2373 convincit,
815 2305 925 2382 atque
956 2284 1198 2362 Guesnensem
1227 2283 1328 2364 futile
1359 2281 1699 2385 Atcbiepiscopum.
1772 2289 1837 2364 An

324 2477 330 2486 ‚
383 2385 578 2464 Prilstcusts
610 2385 670 2464 se'u
694 2383 896 2464 Prussienlis
916 2388 1012 2464 idem
1040 2385 1207 2488 estquod
1238 2385 1449 2464 Gnesuensts
1480 2385 1837 2487 Arebiepiscopus?

385 2513 430 2564 nn
450 2486 597 2567 Gnelita
615 2489 654 2563 in
673 2485 804 2564 Ptulsm
828 2489 912 2574 litu,
939 2507 1000 2566 aut
1017 2511 1172 2586 unquam
1195 2489 1318 2587 portio
1340 2485 1479 2564 Ptulbae
1501 2485 1599 2565 fuit?
1626 2489 1667 2565 ld
1684 2488 1836 2588 epistole

383 2591 449 2667 issa
469 2614 589 2680 coevo
599 2589 726 2665 docet:
754 2589 1026 2666 S.Adnlbettum
1042 2586 1497 2690 suilieArcbiepil'copum,
1525 2589 1622 2685 quod
1649 2614 1715 2666 nos
1733 2590 1834 2666 ttbro

385 2691 642 2782 concedimus,
670 2713 712 2765 ea
729 2689 1059 2788 Atehiepiscopalis
1083 2690 1341 2790 dignitos,quo
1362 2688 1620 2766 Sandlusistea
1641 2688 1833 2768 sedePou-

383 2790 496 2870 cilicia
529 2793 721 2865 deeomtus
749 2788 843 2876 suit,
875 2791 1140 2884 proculdubio
1169 2791 1221 2866 illi
1253 2791 1438 2868 traditioni
1466 2789 1680 2887 principium
1704 2792 1832 2884 dedit,

384 2893 481 2990 quod
503 2887 811 2987 Archiepiscopus
829 2887 1040 2966 Gnesnensts
1063 2892 1240 2990 posterius
1261 2894 1419 2968 creditus
1438 2885 1560 2964 fuerit.
1612 2889 1641 2964 F
1644 2889 1833 2980 uitantem

382 2993 457 3069 bec
484 2990 656 3063 continua
678 2989 884 3064 ecelefiae&
907 2989 1121 3069 summotum
1142 2991 1352 3070 Pontificum
1369 2987 1510 3094 praxis,
1531 3007 1573 3065 ut
1600 2987 1671 3080 iis,
1700 2993 1765 3090 qui
1784 2995 1832 3070 ad

383 3107 513 3265 {entes
540 3089 702 3165 ethnicas
721 3109 827 3188 utque
847 3089 1022 3182 ejusmodi
1045 3094 1235 3192 regiones,
1264 3119 1342 3194 que
1377 3091 1507 3170 nullius
1538 3087 1714 3168 heslenus
1740 3096 1828 3194 Epi-

400 3188 484 3286 copi
505 3189 653 3264 dioeeefi
671 3211 772 3265 etant
793 3187 978 3284 subjecte,
1000 3195 1187 3294 evangelii
1208 3195 1420 3295 predicandi
1440 3190 1824 3293 causuprostciscebnn-

382 3307 467 3378 tut,
489 3287 606 3389 puisun
630 3289 831 3368 auctoritas
855 3293 889 3368 st
909 3294 1117 3389 jurisdidlio
1144 3295 1475 3395 Archiepiscopulis
1504 3291 1617 3374 fuerit
1643 3289 1815 3382 concello,

381 3389 561 3468 videlicet
581 3411 623 3466 ut
641 3389 743 3467 anila
763 3389 868 3469 melle
878 3397 986 3471 etium
1005 3396 1098 3472 locis
1117 3395 1181 3472 fibi
1200 3400 1292 3474 bene
1304 3394 1601 3496 vibsEpiscopos
1613 3397 1816 3472 constituen-

382 3493 418 3571 di
440 3493 583 3591 plenam
603 3495 778 3569 hebetent
797 3496 1021 3594 potestatem.
1075 3493 1127 3586 Ii,
1144 3499 1241 3596 quod
1266 3499 1416 3596 incertis
1437 3517 1654 3595 vagarentur
1672 3494 1819 3584 sedibus,

309 3627 311 3630 ·
388 3591 668 3694 Archiepiscopi
687 3599 885 3700 regionarii
904 3600 1156 3686 vocabuntur,
1183 3617 1244 3675 aut
1270 3619 1375 3675 certe
1406 3599 1448 3675 ab
1467 3598 1612 3696 integra
1635 3595 1823 3698 provincia

388 3719 583 3794 regnoque
603 3719 734 3772 nomen
752 3697 985 3785 obtinebunt,
1014 3701 1069 3775 uti
1086 3700 1123 3774 in
1143 3701 1244 3775 allata
1274 3700 1423 3798 epistola
1455 3701 1674 3798 Prolfietfitm
1703 3696 1826 3799 appel-

385 3797 493 3871 latum
512 3794 763 3896 cognoscimus
789 3801 822 3875 S.
839 3798 1090 3877 Adnlbettum.
1126 3803 1181 3876 De
1199 3799 1372 3896 ejusmodi
1399 3801 1698 3901 Archiepiseopis
1718 3820 1825 3898 utque

389 3893 582 3995 Epil'eopis
601 3898 675 3998 ugit
694 3899 856 3976 Securius
873 3899 914 3974 in
931 3900 1019 3976 Not.
1041 3903 1161 3978 XXV.
1180 3903 1216 3978 in
1235 3902 1343 3979 vitant
1364 3906 1400 3979 S.
1424 3898 1622 3992 Bonisncii,
1642 3903 1675 3978 ilc
1696 3901 1827 4000 Pagius

388 3999 434 4076 sd
452 4021 510 4074 uu·
525 4001 754 4102 723.quibus
777 3998 925 4076 subinde
940 4001 1264 4104 Archiepiscopale
1278 4003 1425 4104 pallium
1447 3999 1506 4076 sub
1525 3995 1742 4104 principium
1762 4023 1829 4078 una

390 4101 533 4190 dotum,
564 4099 712 4180 subinde
732 4102 811 4200 post
841 4097 1041 4180 feliciorem
1069 4103 1255 4198 evangelii
1285 4101 1428 4180 messem
1446 4103 1485 4178 in
1507 4103 1690 4203 premium
1715 4107 1832 4182 Rome

385 4197 632 4334 transmissum.
682 4202 783 4282 Telis
805 4205 1065 4364 Germanorum
1074 4203 1376 4313 Arcbiepiscoput,
1395 4223 1587 4307 antequam
1604 4205 1833 4387 Mogffine
1929 4279 1930 4306 Ν
