3900 4814
318 351 323 358 ·
390 335 466 410 404
943 314 1109 394 Arruns
1144 330 1233 414 995.

481 451 548 632 (bl)
574 454 697 535 Pallnn
715 455 894 556 Hagecius
915 457 1136 547 nobilitatis,
1163 479 1239 553 qne
1272 449 1331 532 sua
1355 426 1460 528 aare
1481 447 1651 566 florebat,
1671 451 1829 552 nomina

327 595 329 600 ·
371 557 497 658 primis
535 560 656 636 aculis
675 561 818 655 adjecit.
870 559 927 636 Sic
943 583 1049 659 quem
1070 556 1259 658 superiore
1281 577 1373 630 anno
1393 554 1597 630 Dubravrus
1624 552 1723 629 nudo
1744 575 1826 629 uo-

371 658 468 734 mine
489 660 671 759 Crasotam
695 660 915 762 appellavit,
940 660 1004 736 ille
1023 687 1043 737 a
1061 660 1240 737 nominata
1257 655 1318 732 suo
1337 650 1826 752 aevosamiliaSukoradsky,

373 761 648 840 Suloradrlium
667 762 837 846 vocatia
861 785 937 860 quae
956 761 1076 838 omnia
1095 773 1263 857 tanquam
1282 752 1472 833 certillirna
1498 775 1569 832 tam
1596 755 1705 832 avide
1724 754 1826 831 urri-

356 863 454 961 *poit
471 860 695 962 supraema,
721 883 762 941 ut
784 860 912 938 illisio
933 862 1120 939 Diadocho
1144 860 1204 936 suo
1229 859 1360 957 primas
1378 855 1542 946 dederit,
1570 859 1828 956 authoresque

366 963 565 1064 &primos
586 966 724 1068 stipites
743 985 964 1066 quarumque
982 963 1170 1040 illustrium
1192 957 1403 1037 familiarum
1423 953 1570 1072 secerin

149 1145 373 1250 D'‘s''‘f'⁰³'“¹·⁶
487 1165 528 1269 (i)
554 1165 783 1254 Dubravius,
810 1165 875 1264 qui
893 1188 1036 1242 omnem
1055 1165 1145 1242 hauc
1170 1161 1410 1240 narrationem
1440 1159 1573 1237 sommo
1602 1159 1825 1259 compendio

145 1247 224 1359 Μ
376 1263 552 1355 absolvit,
579 1285 730 1344 arantem
751 1293 819 1342 non
835 1267 934 1371 longe
949 1297 971 1342 a
991 1271 1114 1373 Praga
1126 1267 1231 1364 fulffe
1239 1267 1368 1341 innuit.
1421 1262 1506 1338 Fuit
1526 1284 1619 1338 vero
1628 1285 1701 1336 uno
1712 1255 1822 1337 facile

377 1368 497 1462 lapide
516 1371 625 1462 Pragn
650 1369 746 1443 ultra
759 1391 918 1444 eremum
936 1367 1153 1466 §.Procopii
1173 1365 1441 1462 ulffitus,quem
1458 1385 1575 1463 prope
1592 1361 1821 1440 hodieetium

378 1471 444 1544 star
460 1469 561 1544 vicos
580 1467 809 1556 Klusoweta,
837 1468 899 1543 ille
916 1469 1062 1568 quidem
1082 1487 1252 1564 corrupta
1275 1489 1370 1540 voce
1389 1461 1826 1572 SrnobogjamaetateHa-

379 1568 477 1670 gecii
497 1568 725 1668 appellatus,
744 1591 810 1642 nos
838 1589 957 1644 autern
983 1566 1223 1644 verosimilius
1257 1563 1459 1670 Czernobog
1484 1565 1699 1666 appellatum
1717 1562 1823 1670 suilse

380 1670 578 1757 credimus,
603 1667 698 1765 quod
722 1667 980 1766 proculdubio
1009 1669 1093 1743 olim
1123 1668 1277 1743 ethnicis
1310 1666 1534 1766 temporibus
1568 1666 1672 1744 illhic
1698 1656 1823 1748 sanum

382 1769 570 1868 idolumve
593 1767 805 1875 Ca·ern0sogi
827 1770 959 1848 Slavici
979 1770 1046 1845 Dei
1066 1769 1208 1844 steterit
1224 1768 1410 1846 culuunve
1427 1765 1552 1848 suerit.
1606 1770 1661 1844 De
1674 1768 1826 1846 ‘hocce-

221 1871 475 1989 rrehnalduslebsi
496 1871 679 1947 Slavorum
701 1873 779 1946 Deo
797 1870 861 1946 ista
879 1870 1051 1970 perhibet
1074 1869 1303 1945 Helmoldus:
1334 1871 1395 1958 Est
1419 1887 1537 1946 autem
1558 1870 1823 1946 Slavorummi-

158 2013 256 2074 om
268 2010 343 2075 pm
352 2031 375 2073 c.
383 1970 508 2049 rabilis
533 1998 658 2050 error:
686 1999 767 2050 nam
784 1977 822 2048 in
839 1977 1013 2049 conviviis
1032 1971 1076 2048 θ’
1093 1966 1825 2073 commorationibursttispateramcircum-

155 2097 267 2176 52ahis
284 2110 321 2177 53
372 2078 532 2171 seruat}
556 2077 594 2149 in
616 2098 721 2182 quom
742 2077 953 2168 confirmat,
974 2101 1041 2150 non
1060 2072 1175 2148 dicam
1198 2073 1488 2170 confirmationis,
1501 2073 1571 2171 st‘d
1584 2077 1826 2152 execrationis

383 2172 566 2275 eat-bafirb
581 2179 715 2251 nomine
732 2177 890 2251 Deorum
915 2170 994 2250 boni
1013 2173 1200 2274 (Belbog)
1214 2173 1354 2274 scilicet
1365 2191 1469 2278 utque
1485 2178 1571 2250 nauli
1581 2231 1592 2262 ,
1604 2193 1827 2276 unmempro-

369 2279 711 2380 speramfortrmam
731 2305 753 2350 a
768 2273 855 2352 bono
874 2279 973 2376 Deo,
992 2275 1175 2371 aduersam
1202 2273 1332 2350 aninlo
1360 2273 1471 2378 dirigi
1490 2279 1724 2378 profitentes,
1752 2277 1826 2354 idea

383 2383 492 2454 ericum
509 2375 638 2453 malum
668 2380 784 2454 Deum
798 2379 869 2475 fita
895 2377 1017 2484 lingua
1042 2371 1180 2452 Diabas
1193 2379 1268 2466 five
1296 2375 1543 2467 Zea-nebal,
1561 2378 1604 2451 id
1620 2381 1664 2470 est
1680 2381 1826 2493 nigrum

383 2483 525 2570 Deum,
546 2483 732 2582 appesant.
786 2475 1006 2557 Clarissrmus
1027 2477 1096 2554 Vir
1115 2475 1280 2552 Andreas
1299 2477 1459 2555 Gottlieb
1474 2475 1699 2555 Mascherrius
1711 2501 1748 2554 1n
1761 2476 1822 2555 suo

163 2641 194 2708 Ἄ
244 2591 253 2676 ’,
296 2641 306 2668 ,
385 2581 556 2682 praeclaro
575 2603 668 2656 anno
686 2577 875 2681 superiore
908 2579 1007 2658 edito
1033 2601 1150 2677 opere
1167 2578 1212 2654 de
1243 2575 1347 2654 sacris
1364 2579 1637 2680 antiquitatibus
1670 2580 1826 2657 Oborti-

156 2638 508 2796 veimgssfffpitol’llm
532 2705 577 2757 ex
593 2679 677 2757 sono
693 2683 892 2758 Rhetrensr
904 2679 1073 2779 producit
1095 2680 1173 2778 Fig.
1201 2703 1257 2757 12.
1278 2678 1313 2753 ἃ
1338 2697 1395 2780 17.
1415 2682 1632 2757 simulacrum
1656 2682 1825 2760 Czerno-

155 2826 284 2880 aeacus
313 2782 473 2882 aembogi
511 2783 572 2860 aeri
604 2780 783 2872 incisum,
827 2782 1019 2879 imaginem
1053 2777 1218 2856 informis
1253 2779 1369 2856 leonis
1410 2777 1601 2869 reserens,
1634 2780 1686 2856 in
1720 2783 1825 2877 cujus

156 2894 288 2977 asemper
300 2914 338 2969 sa
387 2887 518 2959 dextro
536 2884 651 2958 latere
668 2882 818 2958 Runicis
836 2880 953 2956 literis
972 2877 1108 2977 scalpro
1125 2879 1233 2958 incisa
1255 2905 1326 2956 vox
1347 2881 1478 2981 legitur
1498 2877 1654 2968 mactra,
1681 2879 1720 2956 in
1737 2885 1826 2960 sirri-

155 2979 458 3065 matrasmostro
476 2983 604 3058 iisdem
620 2982 738 3058 literis
757 2978 1007 3086 Zeeraobocg3
1036 2980 1134 3056 idem
1156 2981 1189 3060 &
1211 3001 1370 3081 pateram
1399 2982 1491 3060 illam
1512 2977 1703 3060 aDitmaro
1725 3005 1826 3062 com-

154 3085 185 3150 Ρ·
198 3071 251 3132 ²⁶·
264 3082 311 3144 39·
336 3079 636 3171 4⁹mernorntarn,
669 3081 703 3157 ἀ
737 3081 957 3170 charolum,
984 3079 1045 3170 seu
1073 3083 1229 3159 cultrum
1258 3082 1455 3161 luctificum
1485 3083 1654 3161 similibus
1695 3084 1819 3164 inrafis

156 3149 280 3228 &¹⁰⁴⁴
388 3179 657 3258 clrarameribus
677 3182 882 3281 insrgnitum
908 3184 1077 3272 exhibet,
1107 3207 1259 3283 quorum
1277 3185 1447 3263 omnium·
1462 3186 1523 3265 hic
1544 3193 1689 3286 quoque
1706 3203 1816 3284 typos

384 3279 681 3386 apposuilsemus,
698 3286 772 3374 'nist
793 3308 859 3360 nos
875 3305 991 3362 metus
1014 3285 1142 3386 aliquis
1163 3281 1388 3377 revocall'et,
1416 3299 1526 3364 utne
1544 3287 1681 3364 calculo
1697 3287 1811 3361 nostro

385 3409 462 3464 rem
483 3381 643 3486 probalse
663 3387 872 3476 videamur,
900 3411 978 3487 qnae
999 3387 1129 3484 procul
1150 3385 1259 3462 dubio
1278 3387 1515 3487 plurimorum
1533 3383 1810 3466 adhucerudito·

385 3513 464 3566 rurn
482 3486 714 3570 diffidentiam
734 3487 919 3572 excitabit.
971 3487 1064 3563 Mihi
1082 3509 1183 3564 certe
1206 3488 1344 3566 llunicae
1368 3490 1436 3565 ille
1456 3491 1547 3590 apud
1566 3491 1692 3566 Slavos
1708 3487 1817 3562 litere

386 3591 535 3667 multum
553 3587 723 3689 suspeclae
745 3589 844 3680 sunt,
873 3589 907 3666 ἃ
934 3611 1130 3688 quanquam
1152 3585 1280 3688 liguris
1302 3590 1386 3689 ipsis
1408 3592 1563 3690 pretium
1590 3589 1818 3668 vetustatem-

384 3713 457 3788 que
479 3692 680 3786 abjudicare
700 3692 830 3780 nolim,
861 3709 980 3767 tameo
1000 3692 1183 3788 quomodo
1202 3689 1470 3791 ,inscriptiones
1496 3695 1588 3776 adeo
1613 3689 1818 3790 geminata,

387 3793 424 3867 ἃ
444 3795 621 3870 truncatis
644 3787 918 3894 persoratisque
935 3792 1031 3868 omni
1055 3809 1159 3890 parte
1179 3793 1286 3868 idolis
1298 3795 1463 3893 vasisque
1483 3791 1653 3876 sacrificis¹
1674 3792 1822 3892 integre

390 3888 509 3991 passrm
535 3894 692 3970 inventa:
713 3890 878 3989 suerint,
906 3893 1089 3993 quomodo
1111 3892 1269 3991 denique
1292 3889 1447 3984 sosium,
1473 3892 1568 3994 quod
1590 3895 1823 3972 tom-incaute

199 4053 224 4118 'd
254 4051 279 4115 B
381 3993 584 4070 Christiani
603 3993 812 4096 Principes,
834 4021 875 4072 ac
893 3994 1101 4094 cumprimis
1116 3993 1284 4096 Episcopi
1304 3993 1426 4070 exciso
1456 3996 1644 4096 Radegalli
1659 3995 1823 4089 delubro,

166 4057 236 4122 κ’
278 4069 386 4140 crugero
440 4092 660 4194 nsraslisque
675 4097 709 4173 δι
726 4096 804 4194 igni
825 4097 966 4175 traditis
987 4095 1093 4173 idolis
1119 4102 1135 4190 (
1154 4117 1195 4173 ut
1221 4094 1340 4211 pallini
1362 4097 1518 4172 historie
1535 4099 1755 4202 perhibent)
1772 4116 1827 4176 tot

162 4118 621 4318 Ἐζῗζὲἕᾰξρὶἓιςὲοηυωεηω
638 4191 713 4275 sani
731 4197 831 4276 istius
852 4222 947 4300 pene
962 4199 1107 4298 integra
1126 4197 1362 4302 reliquerint,
1383 4215 1493 4303 atque
1512 4197 1609 4301 quod
1628 4220 1689 4275 res
1707 4195 1827 4281 summi

163 4325 237 4393 127·
263 4377 268 4386 .
1716 4325 1783 4402 pe.
