3914 4822
690 307 934 412 floanscnr
970 327 1011 402 rl.
1063 331 1129 415 ra.
1491 319 1566 421 269

151 471 190 548 in
208 463 573 548 Pontificalibusnl‘ns
590 466 735 546 dicimur.
817 469 857 546 Id
879 468 905 548 fi
927 447 1032 545 ¹certa
1057 450 1129 544 fine
1145 461 1308 558 nititur,
1335 463 1497 568 ingentis
1529 465 1596 541 stra
1722 487 1725 494 ·

149 589 237 650 tutae
256 571 374 648 virum
392 569 673 676 S3Adolbcrtum
690 565 991 674 fitilleoportuit.
1021 579 1022 585 ‘
1047 631 1052 642 .

261 773 312 874 (c)
350 770 454 850 Hanc
478 767 682 848 universam
707 768 949 848 narrationem
975 767 1021 846 de
1049 768 1295 852 celebratione
1328 759 1441 844 Mill'tc
1472 789 1593 846 coram

150 871 284 951 summo
303 871 501 964 Pontifico,
520 873 565 949 de
582 871 821 961 bilocatione,
840 889 948 972 atquc
967 871 1180 947 chirotheca
1200 867 1332 948 Libicii
1350 866 1478 946 aelian
1504 872 1595 946 Ero,
1612 879 1647 942 Ia
1661 879 1840 950 Anias-bad

136 968 307 1052 ditillmii
325 973 411 1052 Viri
428 972 710 1052 Continuatores
728 971 952 1048 Bollandiani
976 970 1015 1046 in
1029 971 1173 1047 dnbimn
1193 987 1327 1051 vocant
1340 971 1400 1046 laisv
1418 970 1600 1070 precipue
1609 979 1652 1050 2³
1675 969 1795 1056 Aprilis.

152 1071 403 1154 difficultatum
420 1071 598 1174 capitibus
618 1072 755 1149 innixi:
787 1074 1037 1155 attraherent:
1064 1070 1124 1171 qui
1146 1093 1206 1148 res
1227 1073 1351 1170 ignota
1372 1069 1600 1168 potueritel'-

151 1177 190 1254 l'e
208 1176 398 1264 Romanis,
418 1195 568 1274 quorum
584 1173 741 1251 historie
757 1171 849 1248 nihil
867 1173 1032 1275 prorsum
1050 1193 1093 1246 ea
1111 1172 1155 1248 de
1175 1196 1216 1249 re
1233 1169 1434 1248 referunt?
1456 1172 1524 1250 2dn
1535 1175 1598 1247 An

151 1297 343 1373 utrumqne
361 1274 596 1358 nadaber-ti
615 1274 858 1372 Biographum
876 1293 1243 1372 contemporaneum,
1263 1269 1458 1372 praesettim
1479 1271 1601 1372 poste-

153 1376 313 1464 riorem,
342 1371 535 1453 minutiora
552 1395 698 1474 (poaque
714 1369 956 1470 Sarrbli'hujns
977 1371 1173 1463 miracula,
1201 1397 1336 1474 reaque
1356 1369 1602 1450 secretillitnaa

150 1471 361 1552 referentes
379 1475 495 1552 latere
514 1473 680 1574 potnerit
699 1493 769 1550 tam
786 1474 1020 1551 memorabile
1039 1473 1245 1573 prodigium
1278 1472 1390 1550 totins
1413 1474 1604 1650 posterita-

152 1577 200 1656 tis
218 1574 488 1652 admirationem
507 1574 767 1651 concitaturum
788 1573 806 1650 2
835 1579 911 1672 3tio
938 1573 1063 1670 ajunt:
1088 1575 1264 1651 credibile
1285 1573 1360 1650 non
1379 1575 1412 1650 el
1428 1597 1450 1650 e
1469 1575 1507 1652 in
1526 1593 1604 1650 tan-

152 1695 194 1754 to
213 1676 366 1752 tumultu
384 1673 518 1752 Libicii
545 1676 706 1752 excitato
716 1678 751 1756 S.
759 1674 995 1752 Adalbertunt
1015 1674 1111 1752 inter
1131 1674 1250 1754 hostes
1269 1673 1350 1754 suos
1377 1671 1604 1774 fratrumque

62 1817 68 1824 ·
153 1771 380 1878 percollorea
398 1795 480 1855 tuto
497 1769 650 1878 potuille
672 1773 778 1852 sacris
805 1773 1076 1853 Pontificalibus
1116 1771 1274 1878 operati.
1317 1774 1502 1854 mnibus
1528 1799 1601 1876 ego
1646 1827 1649 1836 ·

151 1899 267 1978 porro
288 1878 360 1954 hoc
376 1878 489 1978 longe
509 1877 687 1953 valentius
706 1885 1148 1978 argumentnmappono:
1176 1877 1430 1956 Narrationem
1441 1879 1531 1954 hanc
1544 1877 1603 1952 in
1656 1883 1661 1894 '

152 1999 289 2077 tegratn
308 1978 458 2057 minime
475 1999 595 2058 coram
613 1973 745 2080 summo
763 1974 942 2055 Pontifice
972 1977 1141 2056 accidere
1166 1975 1332 2078 potuille.
1401 1979 1502 2078 ,Nam
1523 1997 1603 2054 cum

150 2079 264 2155 cadet
283 2075 433 2156 fratrum
452 2074 549 2156 sabla
570 2077 641 2166 est,
665 2076 893 2178 jampridem
919 2077 1186 2158 §.Adrlbertua
1204 2077 1314 2157 lloona
1334 2074 1460 2161 abfuit.
1519 2077 1604 2155 Post

56 2229 58 2232 -
151 2173 330 2256 dilcellum
349 2182 445 2256 enirn
466 2177 561 2256 snum
581 2179 693 2254 Romo
718 2201 799 2254 curn
826 2179 958 2256 diutius
985 2180 1184 2280 Mogontia
1210 2181 1342 2258 incula
1361 2177 1515 2262 Ottonis
1539 2179 1601 2264 Ill,

151 2275 272 2358 inillet
302 2301 575 2370 commoratum
608 2276 644 2354 ἃ
672 2277 800 2358 abhinc
827 2301 977 2357 movens
1014 2283 1053 2358 in
1072 2283 1205 2358 itincre
1237 2281 1441 2360 llohemiam
1475 2277 1601 2358 verl'us

154 2380 366 2468 constitutus
383 2377 523 2470 luillet,
540 2404 587 2456 eo
607 2375 685 2478 ipso
706 2396 871 2478 tempore
893 2382 967 2459 hac
985 2383 1098 2460 caedea
1120 2381 1268 2459 fratrum
1289 2377 1467 2472 faciaest,
1486 2377 1604 2457 utsuo

153 2503 247 2558 anno
266 2479 502 2558 ostendemua
554 2479 606 2558 Ut
623 2499 759 2556 taceam
785 2480 1033 2562 inconcinnam
1053 2482 1198 2581 prorsus
1231 2482 1415 2560 &ritibus
1435 2479 1600 2556 Ecclesiae

151 2577 336 2672 adversam
356 2579 472 2657 videri
493 2581 668 2681 integram
687 2580 949 2680 atarrationem,
973 2586 1096 2683 prouti
1114 2581 1334 2683 abHagecio
1351 2583 1504 2680 aliisque
1520 2577 1601 2681 pal>

153 2681 215 2761 lim
238 2674 409 2769 refertur.
478 2681 560 2758 Scil.
579 2681 676 2780 qnod
695 2681 817 2776 uerbis
836 2679 1114 2760 consecrationis
1133 2683 1381 2784 pronunciatis
1397 2685 1436 2758 in
1453 2681 1600 2758 erstalin
1704 2763 1706 2770 ,

151 2804 294 2883 raptus,
310 2778 671 2880 vellicatnsqnejnlsn
690 2781 888 2874 Pontificio,
900 2781 1057 2860 cauliana
1075 2785 1117 2861 lit
1134 2785 1197 2868 libi
1207 2781 1322 2864 deelle
1337 2783 1595 2866 chirothecann

6 2901 10 2908 ’
56 2889 60 2897 “
150 2881 246 2984 quali
273 2901 344 2960 tum
379 2907 422 2960 ea
454 2901 558 2984 parta
584 2879 723 2974 Mille,
782 2909 826 2964 na
854 2882 1075 2962 tractandum
1106 2885 1232 2964 habuit
1267 2885 1402 2962 Christi
1429 2905 1595 2983 corpus,

152 2985 362 3082 chirotheca
382 3007 474 3084 opus
491 2979 639 3064 lirill’et?
667 2909 851 3064 Clariihmi
867 2988 988 3087 itaque
1010 2984 1094 3063 Viri
1113 2985 1330 3064 Bollantlioni
1341 3041 1355 3082 ‚
1383 3007 1430 3062 ne
1452 2983 1597 3084 penitus

151 3109 229 3163 rem
248 3109 411 3173 omnem,
432 3083 682 3185 &cumprimis
697 3086 913 3166 chirotheca
932 3085 1162 3165 traditionem
1184 3087 1318 3164 tamdiu
1349 3083 1598 3164 conservatam

152 3204 346 3274 evertant,
362 3183 526 3280 judicant
545 3185 753 3263 miraculum
772 3188 864 3266 istud
884 3186 943 3266 len
963 3189 999 3266 in
1018 3185 1151 3265 funere
1172 3188 1287 3289 patria
1305 3185 1368 3263 seu
1392 3187 1516 3266 matris
1536 3207 1597 3262 ac-

153 3288 277 3364 cidere
305 3277 487 3384 potnille,
515 3287 550 3361 S.
571 3284 772 3366 Adalbcrto
791 3307 864 3366 tnm
886 3290 968 3368 alibi
986 3313 1091 3391 quarn
1114 3291 1232 3366 Romae
1248 3284 1496 3390 pontificante.
1515 3288 1595 3386 Ego

152 3411 245 3468 nero
263 3409 310 3463 ex
320 3383 541 3462 chirothecis
550 3383 655 3480 hujus
674 3385 792 3464 Sandli
810 3391 871 3488 (in
882 3391 1009 3490 quibus
1032 3389 1180 3469 omnino
1197 3388 1283 3466 olim
1303 3388 1410 3466 sacris
1426 3407 1596 3486 operatua

151 3491 256 3590 crat)
274 3485 521 3565 venerationis
539 3481 639 3562 caula
657 3484 843 3564 Libicii&
861 3491 981 3593 Pragae
1003 3489 1401 3581 conservatia‚omnem
1422 3509 1499 3564 eam
1513 3509 1597 3564 nar.

151 3585 328 3668 rationem
352 3588 432 3689 post
451 3587 522 3662 duo
556 3585 683 3662 triave
701 3583 824 3664 secula
842 3611 979 3670 enatam
1007 3593 1140 3669 metito
1166 3607 1335 3680 autumo,
1361 3611 1438 3764 apua
1456 3587 1596 3673 demunt

151 3691 277 3770 leculo
296 3689 415 3768 medio
432 3689 519 3770 xlv
531 3688 603 3786 jorn
623 3685 747 3766 callnrn
768 3689 930 3770 obduxit.
986 3693 1077 3771 Nam
1094 3711 1231 3770 certum
1251 3691 1304 3768 est
1320 3689 1595 3766 Daimilnmlo-
1696 3760 1700 3770 ,

139 3791 446 3968 *cuplepiemdpliaa
459 3787 795 3968 rerumffilliuppnodi
806 3791 1050 3971 prolatorepn(
1060 3793 1120 3972 «pri
1131 3790 1362 3971 initiipllaeeuli
1380 3789 1475 3968 xmp
1483 3787 1594 3906 scrip.

150 3891 649 4078 blandinam
669 3910 1594 4098 .pllllbssllbllqh‘lnlltlallllllff

152 4119 260 4200 atque
281 4116 360 4172 eam
379 4092 427 4168 ob
445 4091 582 4171 caulam
614 4091 689 4170 ase
705 4097 812 4174 etiarn
832 4091 936 4173 soille
965 4093 1249 4199 pretermillam,
1277 4117 1477 4274 ¹quunpuarn
1497 4093 1612 4169 illam.

150 4202 195 4320 in
207 4193 418 4298 recentiore
442 4195 595 4298 quodam
616 4197 816 4300 exemplati
834 4203 848 4300 (
867 4197 967 4299 stylo
984 4197 1063 4300 ipso
1079 4198 1279 4280 novitatem
1306 4221 1375 4304 pro
1400 4189 1514 4306 ente)
1531 4215 1593 4269 ca-

1468 4291 1540 4396 pati
