3932 4796
613 419 616 426 ,
709 336 957 424 Borrsenr
988 368 1031 428 rr·
1089 358 1128 423 l
1534 342 1609 444 163

184 509 277 604 dies
299 493 612 606 ossodecim(
593 483 657 592 (d)
699 483 897 622 Sepultus
918 503 1204 602 Boleslaviae
1190 531 1235 596 ιιι
1256 495 1470 664 Ecclefia,
1503 489 1636 622 quam
1739 595 1742 602 ,

188 648 277 769 ipse
301 653 601 742 construxerat
624 634 674 736 (θ)
1931 755 1934 764 ¹

297 788 495 884 Boleslao
516 781 769 882 saccellum
802 781 1042 904 Principatu
1070 785 1180 880 filius
1215 743 1479 900 cognominis
1505 775 1636 900 Pius,
1777 834 1780 846 ·

185 928 330 1046 mitis,
351 931 546 1050 pacificus
571 925 708 1020 distes
728 995 758 1042 ,
755 927 952 1020 omniurn
970 927 1178 1042 regiarum
1206 927 1415 1020 virtutum
1444 924 1566 1018 sedes
1589 928 1635 1018 δε

185 1071 478 1182 domicilium
531 1068 669 1160 verbo
697 1068 826 1186 patris
845 1068 1093 1160 memoriam
1124 1066 1297 1186 quidem
1331 1065 1515 1158 nominis
1550 1063 1630 1158 ser

185 1237 317 1326 vans,
346 1211 536 1302 moribus
555 1191 858 1302 dissimillimus
940 1201 1001 1298 Et
1023 1222 1114 1299 erat
1136 1233 1185 1299 ea
1214 1224 1306 1302 tum
1339 1203 1522 1325 supremi
1541 1201 1629 1298 Nu·
1613 1172 1864 1366 ·{¹‡{{,‘1}‘,''„fi}¹,„¹'“‘

186 1349 313 1440 minis
337 1367 548 1466 eternum
572 1346 693 1460 genti
731 1348 953 1440 Czechicae
987 1345 1354 1440 commemoranda
1375 1346 1629 1461 clementia,
1873 1361 1877 1368 ·

177 1488 303 1604 quod
328 1507 414 1580 tarn
452 1487 617 1604 insgnis
650 1482 741 1578 rosa
780 1513 814 1582 e
835 1485 963 1604 spinis
1005 1485 1266 1580 &sentibus
1289 1488 1629 1606 progerminave·

185 1627 273 1739 rit,
304 1653 363 1720 ex
382 1627 556 1721 fraterni
572 1623 778 1740 sanguinis
796 1625 1015 1745 profusore
1046 1625 1373 1722 ferventissimus
1404 1626 1629 1720 christianas

1 1765 39 1854 Ψ,
185 1767 404 1880 religionis
433 1767 684 1880 adeantur,
712 1794 772 1858 ex
802 1768 903 1885 lupo
920 1795 1075 1884 agnus,
1115 1797 1173 1863 ex
1191 1766 1303 1864 truci
1338 1789 1519 1886 tyranno
1547 1766 1624 1858 mi·
1700 1859 1706 1868 ,

185 1903 357 1998 tissimus
379 1905 605 2026 Princeps,
626 1931 754 2026 quem
776 1908 887 1998 nulla
909 1927 1174 2026 paternorum
1199 1907 1431 2000 facinorum
1453 1910 1543 2000 lues
1566 1903 1628 1996 as·
1775 1911 1779 1918 '

181 2043 369 2139 flaverat.
439 2041 609 2141 Erat
562 2073 792 2166 ,rn,quam
813 2045 1045 2140 assuminus
1071 2049 1218 2142 Christi
1249 2050 1432 2142 nomisis
1463 2025 1776 2165 cultorffi'*

173 2184 339 2303 justitiae
367 2185 646 2282 severissimus
687 2183 899 2304 adsertor,
930 2168 1074 2304 legum
1107 2189 1424 2282 Christianarum
1449 2185 1625 2284 tenacis·

178 2323 302 2448 sanius
323 2327 474 2422 custos.
547 2325 648 2445 Ejus
672 2355 798 2444 opera
822 2329 994 2422 deinum
1027 2331 1248 2424 Christiana
1271 2327 1441 2446 Religio
1478 2331 1624 2424 trium·

180 2468 325 2584 phavit
344 2468 389 2556 in
403 2465 621 2562 Bolremia.
690 2463 859 2560 Patrem
887 2472 934 2564 in
964 2495 1019 2560 eo
1056 2470 1166 2560 nasii
1189 2471 1386 2590 orphani,
1407 2469 1553 2588 pupilli
1578 2470 1626 2563 st
1739 2527 1741 2538 ι

180 2605 320 2697 viduae
340 2605 633 2724 defensorem,
655 2608 880 2702 calamitosi
910 2605 1243 2724 consolatorem,
1275 2609 1492 2724 religionis
1517 2635 1623 2721 ergo

106 2747 112 2756 “
179 2745 231 2836 ad
252 2733 460 2840 tumulum
483 2743 590 2840 Divi
611 2747 863 2842 Wenceslai
886 2748 1200 2866 peregrinantes
1221 2741 1545 2841 liberaliffimum
1558 2739 1641 2841 re·.

177 2903 415 3002 captorem.
486 2885 724 2982 Surrexere
745 2889 788 2980 ln
809 2885 1012 2980 Bohemia
1033 2889 1146 2980 illius
1174 2891 1337 3008 pietate
1351 2889 1514 3002 'viginti
1536 2876 1624 2978 im·

165 3027 284 3146 plius
306 3025 489 3146 templa,
512 3031 629 3120 ornni
650 3049 844 3147 apparatu
866 3029 1174 3148 ministerioque
1195 3028 1309 3122 sacro
1328 3027 1544 3144 instrusla,
1559 3027 1625 3118 in·

114 3287 118 3298 Ι
176 3184 245 3258 ter
268 3189 359 3282 quae
380 3168 424 3258 st
449 3169 739 3262 monasterium
763 3165 869 3260 Divi
905 3169 1081 3285 Georgii
1113 3171 1157 3262 in
1189 3173 1319 3262 castro
1351 3164 1545 3286 Pragensr
1577 3166 1625 3260 ἃ
1786 3177 1789 3190 “

175 3305 346 3396 initium
368 3303 566 3425 sumpsit,
595 3312 639 3403 ὅτ
663 3309 886 3426 infignibus
908 3310 1244 3404 immunitatibus
1267 3306 1624 3404 nobilitatumesi.

176 3431 247 3534 U)
292 3439 396 3538 Erat
418 3444 616 3540 Boleslao
649 3449 768 3542 sbror
790 3453 962 3542 nomine
992 3449 1162 3565 Mlada,
1182 3439 1239 3546 (g)
1265 3451 1388 3566 virgo
1409 3469 1458 3540 ut
1479 3445 1627 3537 latina·
1652 3525 1659 3538 .

171 3614 268 3680 rum
294 3588 508 3680 literarum
531 3590 693 3685 eximie
709 3619 868 3708 gnara,
896 3590 956 3682 ita
986 3619 1126 3682 rerum
1150 3589 1385 3682 divinarum
1411 3583 1623 3702 cognitio·

176 3753 233 3816 ne
254 3729 426 3842 egregie
444 3729 630 3838 imbuta,
664 3732 782 3826 &ad
810 3756 983 3823 omnem
1029 3731 1234 3850 pietatem
1275 3723 1512 3828 efformata
1549 3701 1623 3819 (ὖ)

102 3979 110 3988 Ι
173 3861 395 3984 Ejusmodi
415 3867 662 3966 devotionis
684 3873 832 3966 ardore
857 3869 1020 3964 incensa
1033 3870 1257 3992 ,acceptis
1278 3867 1444 3963 afratre
1465 3866 1622 3984 literis,

173 4035 271 4102 curn
297 4007 623 4132 pedisequorum
633 4015 921 4134 clrentumque
938 4014 1142 4108 comitatu
1160 4009 1336 4106 Romam
1347 4009 1534 4136 professa
1544 4011 1619 4103 est
1650 4073 1755 4142 ,M
1765 4075 1855 4148 ,w

172 4135 227 4243 (ἱ)
264 4145 376 4246 Ibia
398 4149 571 4270 summo.
578 4151 737 4254 Eccles
714 4159 778 4254 stae
802 4156 940 4271 capite
965 4155 1262 4277 prodignitate
1294 4177 1501 4280 excepta,
1516 4167 1692 4304 pou·
1602 4157 1692 4225 ⁴³01
1691 4161 1743 4226 ΜΗ
1771 4171 1855 4230 „aa

1627 4245 1857 4348 immas

811 4344 817 4352 “
895 4325 925 4392 2
1494 4291 1552 4383 tl*
1627 4335 1752 4419 ripam.
