3954 4802
401 295 478 375 250
596 311 601 317 ·
792 287 796 301 ’
952 253 1287 378 Anrros977'
1446 275 1503 344 T

95 501 98 508 -
168 442 371 527 Praestatur»
478 429 560 526 ·At
583 463 686 528 vero
710 429 973 527 Adalbertus
1001 433 1251 528 sententiam
1282 421 1451 558 quoque
1483 413 1662 527 'Summi
1681 404 1830 532 Ponti·

144 536 315 697 wll?
325 547 467 670 “meis
486 579 708 694 explorare
730 574 970 691 constituit,
995 605 1018 666 a
1041 605 1125 694 quo
1151 603 1248 666 curn
1274 579 1317 669 in
1343 575 1551 669 mandatis
1571 577 1831 694 accepit„atl

377 717 522 810 sedem
545 715 654 809 suam
679 711 994 830 reverteretur,
1015 716 1301 836 populumque
1319 721 1491 810 vinculo
1522 712 1721 807 Ecclesrae
1755 719 1834 808 ob-

382 859 559 949 noxium
582 859 812 972 enodaret,
849 855 1042 973 supremo
1074 855 1271 948 fratribus
1306 859 1493 950 coenobii
1522 857 1636 948 dicto
1653 858 1759 982 „vale
1782 857 1832 950 se

280 1091 287 1100 ,
384 998 535 1112 legatis
557 997 738 1088 reditum
761 998 1061 1088 maturantibus
1085 993 1273 1089 sociavit.
1310 985 1361 1084 (c)
1416 997 1538 1114 Saepe
1561 999 1698 1112 postea
1727 993 1825 1090 Ab·

103 1130 108 1140 ’
262 1147 269 1184 ”
383 1139 459 1228 bas
485 1139 538 1228 de
556 1135 818 1248 Adalberto,
856 1139 885 1227 sr
914 1136 1078 1252 quando
1101 1137 1189 1250 ejus
1215 1138 1378 1228 mentio
1404 1139 1622 1253 inciderat,
1634 1131 1833 1253 praeconii

385 1281 506 1367 instar
529 1278 619 1392 ejus
644 1278 913 1388 modestiam,
940 1275 1039 1366 vitae
1059 1275 1348 1388 integritatem
1376 1275 1721 1396 sanslitatenrque
1755 1306 1833 1372 ex·

381 1419 541 1509 tollere
568 1415 735 1531 solituS,
761 1399 818 1501 (d)
838 1417 1118 1533 narravitque,
1138 1416 1353 1534 qrro‘paslo
1367 1413 1493 1529 jussus
1516 1417 1855 1536 aliqua-adorra-¹

298 1569 301 1582 '
383 1542 525 1651 aerem
550 1559 652 1648 vino
680 1559 850 1676 plenum
862 1553 1026 1646 adferre
1048 1555 1311 1680 malignitate
1332 1557 1535 1648 demonis
1556 1546 1754 1684 (molossi
1772 1543 1836 1648 ni-·

385 1699 455 1812 gri
476 1695 615 1816 specie
655 1685 808 1820 testi)
843 1691 1058 1788 excussum
1093 1695 1283 1789 manibus
1313 1699 1514 1817 humique
1546 1701 1590 1788 in
1610 1699 1727 1790 mille
1754 1695 1834 1788 sra-

232 1841 233 1848 ‘
391 1856 563 1952 gmenta
587 1835 814 1954 protritum
838 1833 926 1928 solo
951 1835 1086 1927 crucis
1109 1821 1222 1950 signo
1245 1857 1425 1954 repente
1459 1841 1700 1950 integrant,
1722 1836 1836 1927 rese·

386 1978 598 2095 seritque.
640 1962 692 2068 (θ)
726 1975 806 2094 Ipfi
840 2005 966 2095 porro
994 1973 1144 2065 fratres
1176 1979 1367 2090 egregias
1402 1983 1585 2097 quasque
1619 1975 1835 2091 virtutes,
1886 2027 1892 2032 -

388 2141 494 2238 ‘quas
514 2117 748 2231 singillatim
767 2117 946 2236 quisque
958 2117 1004 2204 in'
1023 2141 1077 2205 eo
1100 2131 1348 2231 notaverat,
1371 2116 1562 2206 certatim
1582 2115 1694 2207 inter
1718 2113 1763 2206 se
1774 2115 1839 2207 in-

384 2259 525 2374 aegris
552 2258 818 2374 panegyricis
840 2257 1120 2364 celebrabant.
1192 2250 1262 2346 At
1283 2252 1434 2378 Praesul
1456 2259 1538 2348 iter
1562 2285 1657 2349 cum
1682 2253 1835 2372 legatis

392 2395 589 2515 prospere
620 2393 813 2528 emensus
837 2399 1012 2516 patriam
1036 2391 1339 2511 ingressus-est,
1372 2396 1541 2516 jamque
1571 2399 1616 2488 in
1637 2399 1837 2490 interiora

395 2539 574 2629 veniens
596 2533 762 2628 ascenso
785 2555 934 2630 monte
954 2537 1133 2656 quodam
1154 2537 1311 2654 (quem
1333 2537 1418 2629 late
1433 2535 1677 2629 Bohemianr
1706 2533 1838 2652 despi-

389 2677 584 2769 cientem
619 2678 872 2769 arisidibus
900 2678 1011 2792 jugis
1046 2675 1228 2766 viridem
1252 2676 1404 2768 incole
1437 2664 1684 2802 appellant)
1710 2661 1777 2764 (f)
1812 2705 1838 2769 a

388 2813 611 2908 rorzrmota
650 2808 913 2931 eremicola,
950 2817 1022 2935 qui
1053 2814 1170 2904 isthic
1199 2813 1406 2916 solitarius
1429 2815 1672 2906 coenobium
1692 2814 1839 2911 Beate
1868 2865 1869 2870 Ν

340 2987 352 2996 ·
394 2953 547 3046 Maria
566 2953 739 3048 exorsus
761 2955 921 3068 suerat,
941 2973 1152 3068 gratanter
1174 2972 1408 3073 exceptus,
1433 2954 1477 3044 in
1501 2951 1692 3044 cellulam
1706 2956 1838 3048 dedu·

237 3167 246 3186 ,
347 3196 350 3205 ,
394 3095 490 3186 stus
512 3098 596 3211 est,
615 3097 689 3185 ubi
701 3095 989 3186 recinentibus
1001 3095 1119 3185 simol
1136 3093 1286 3210 legatis
1295 3091 1619 3187 Ambrosianum
1631 3101 1841 3209 hymnum

158 3211 539 3364 Jfssjgmlaudes
559 3230 684 3327 ΠΕΟ
718 3254 943 3356 gratesque
954 3235 1077 3329 dixit.
1158 3233 1276 3328 Tum
1294 3237 1339 3328 in
1350 3234 1676 3330 eminentiorem
1695 3235 1839 3329 locum

62 3387 68 3404 '
166 3381 281 3452 urraca.
391 3374 625 3496 egressura
648 3394 826 3495 quatuor
848 3377 994 3485 mundi
1011 3378 1143 3496 plagis
1170 3395 1327 3470 terram
1359 3375 1617 3490 Bohemam‚
1653 3401 1835 3473 omnem·
1955 3365 1956 3370 ‘

392 3522 482 3642 que
505 3518 595 3635 ejus
612 3500 810 3637 populum
836 3515 1069 3611 Pontifioiis
1090 3519 1274 3611 nexibus
1303 3515 1416 3609 sallo
1443 3517 1559 3646 signo
1592 3517 1729 3608 crucis
1766 3543 1840 3607 ex·
1884 3499 1903 3514 ”

192 3765 198 3773 ,
241 3653 246 3660 ’
321 3703 325 3708 ·
391 3661 540 3754 solvit.
612 3655 798 3753 Tantum
819 3687 924 3752 mox
944 3659 1096 3753 fertilis
1118 3659 1270 3778 pluviae
1283 3658 1326 3748 in
1349 3681 1522 3747 omnem
1542 3654 1844 3768 regionemde

289 3818 297 3826 ‘
396 3799 503 3915 §ecit
526 3801 710 3916 coelom,
737 3821 934 3920 quantum
957 3820 1081 3894 terrae
1103 3796 1308 3891 diuturnis
1328 3795 1428 3888 solis
1446 3793 1846 3908 'ardoribusexustae

353 4031 356 4036 ,
405 3935 505 4032 satis
526 3938 732 4060 superque
753 3935 863 4056 fuit,
884 3927 941 4032 (g)
964 3961 1013 4032 ut
1030 3967 1159 4034 nemo
1176 3965 1263 4030 non
1285 3963 1344 4030 ex
1367 3937 1431 4028 his
1452 3935 1691 4054 prodromis
1723 3925 1847 4040 intel·

403 4079 560 4206 ligeret
583 4075 837 4190 Antillitem
853 4082 1051 4202 proxime
1068 4079 1317 4210 llohemiarn
1339 4073 1698 4200 else,cuicoelum
1709 4077 1847 4195 ipsum

686 4258 691 4267 “
1112 4255 1114 4264 ‘
1706 4243 1774 4313 Vl·
