3900 4814
399 324 472 424 366
515 420 529 436 ,.
675 292 678 298 ’
866 385 870 392 .
949 327 1120 405 Annus
1160 343 1234 426 992

366 467 498 546 liorum
515 465 678 547 editione
699 467 807 546 Tom.
825 467 891 546 IX.
908 491 994 572 pag.
1042 491 1089 566 32
1106 489 1269 545 errorem
1292 467 1550 546 emendandum
1568 460 1660 556 esse,
1683 468 1816 565 Syno-

369 569 524 668 dumque
541 569 660 648 Rome
678 592 747 662 pro
771 569 891 646 reditu
911 573 946 649 S.
969 487 1038 648 As

367 670 446 745 darn
463 665 548 748 else.
597 673 741 748 Verum
761 689 889 746 contra
911 672 1111 748 obtendere
1129 671 1215 746 mihi
1233 669 1359 746 liceat:
1378 669 1565 768 synodum
1574 667 1675 744 illam
1685 669 1815 746 Romae

365 768 439 846 hoc
459 792 554 847 anno
571 769 785 847 celebratam
804 763 933 863 fuisse,
961 795 1002 848 ac
1039 769 1193 872 proinde
1221 770 1360 847 rebilus
1382 769 1420 844 in
1440 792 1535 848 nova
1557 768 1811 846 conciliorum

366 869 530 947 editione
546 869 712 972 presenti
728 888 822 946 anno
842 869 1058 970 illigandam.
1111 871 1159 946 Et
1176 869 1342 968 quidem,
1363 870 1462 971 quod
1482 868 1661 944 memorie
1683 873 1811 969 patriae

341 1001 344 1008 ·
364 988 516 1046 veteres
532 971 769 1072 persuadent,
792 969 847 1065 ajo
869 963 1009 1050 Priamo:
1028 971 1267 1070 biographum
1288 967 1616 1050 &Adadbertiloco
1632 993 1813 1048 memora·

227 1099 228 1102 ¹
337 1122 342 1128 -
363 1086 406 1146 to
425 1091 503 1147 non·
519 1072 623 1172 loqui
644 1072 689 1147 de
707 1069 956 1171 quinquennio
978 1075 1167 1162 continno,
1186 1067 1250 1146 sed
1276 1073 1508 1172 interrupto,··
1527 1069 1629 1145 adeo
1641 1088 1683 1146 ut
1701 1071 1811 1148 isia-

1032 569 1158 646 alberti
1174 569 1328 646 habitam
1338 571 1382 646 ad
1391 593 1522 646 annum
1540 589 1817 670 9941eponen-
1940 599 1941 602 ¹

362 1171 551 1252 tellexerit
567 1177 602 1254 S.
616 1171 853 1248 Adalbertuur
873 1173 1067 1248 universim
1088 1170 1248 1272 quinque
1270 1170 1371 1247 annis
1390 1163 1494 1247 fuisse
1516 1169 1555 1244 in
1575 1173 1808 1264 monasterio,

367 1268 506 1348 scilicet
524 1291 565 1349 ut
582 1271 622 1348 in
638 1273 733 1347 hunc
753 1270 912 1384 quinque
930 1291 1319 1370 annorumcomputum
1338 1271 1458 1348 veniat
1477 1271 1583 1346 etiam
1603 1288 1741 1370 tempus
1755 1275 1810 1350 al-

363 1373 480 1448 terius
522 1373 813 1448 commorationis
864 1371 917 1448 ost
943 1370 1043 1448 sunm
1072 1373 1220 1448 Rornarn
1250 1371 1416 1448 reditum.
1462 1383 1465 1392 '
1506 1367 1679 1446 Pror'etro
1721 1396 1805 1449 cum

366 1471 595 1571 Biographus
613 1469 771 1571 nuspiam
792 1397 860 1546 ins

360 1571 506 1666 sterio.
520 1595 593 1648 non
610 1569 959 1671 obscurnrn'reliquit
980 1578 1014 1646 le
1034 1573 1272 1670 interruptam
1293 1572 1464 1672 simulque
1489 1569 1691 1663 uniuersam
1709 1597 1811 1648 com-

365 1673 604 1750 morationem
622 1670 845 1748 monasticam
864 1672 1111 1772 quinquennio
1137 1673 1213 1748 illo
1228 1665 1442 1759 intendisse,
1472 1672 1570 1771 qnod
1597 1667 1672 1771 ipsa
1694 1685 1809 1760 arano-

858 1472 949 1562 icet,
969 1468 1138 1586 qnandiu
1157 1469 1314 1547 secundo
1326 1471 1524 1572 perstiterit
1541 1471 1579 1544 in
1597 1471 1668 1546 hoc
1685 1497 1811 1549 mona·

366 1796 448 1852 rum
470 1773 673 1874 supputatio
692 1773 788 1872 quasa
808 1775 851 1850 ad
872 1775 1015 1850 oculum
1045 1773 1210 1850 ostendit.
1279 1773 1371 1850 Nam
1396 1791 1551 1872 uterque
1580 1773 1808 1874 Biogtaphus
1870 1836 1876 1845 .
1939 1793 1941 1824 ³

268 1871 285 1912 ⁸·
366 1875 447 1977 poll
463 1877 614 1970 alterum
627 1876 774 1950 Romam
791 1873 948 1951 reditum
969 1873 1049 1950 satis
1070 1873 1273 1951 luculenter
1294 1873 1412 1950 innuit
1434 1877 1468 1949 S.
1483 1873 1718 1960 Adalbertrun
1740 1877 1806 1951 de-

224 1971 228 1996 '
367 1999 443 2052 nuo
461 1975 564 2051 isthic
584 1975 744 2074 longiori
762 1993 932 2151 tanqaore
952 1995 1230 2064 commoratum,
1252 1974 1351 2074 quod
1372 1993 1514 2072 ternpus
1536 1975 1559 2049 fi
1588 1973 1650 2048 vel
1669 1973 1802 2050 semial-

369 2077 486 2152 terius
511 2097 573 2152 aut
591 2076 701 2152 nnius
722 2075 806 2151 anni
848 2072 935 2151 uilse
966 2076 1145 2165 dicamus,
1175 2075 1423 2174 quinquennio
1442 2073 1494 2149 illi
1514 2074 1629 2174 priori
1650 2073 1808 2151 additum

364 2172 435 2270 jam
450 2177 513 2250 sex
537 2174 723 2274 septemve
739 2199 850 2252 annos
867 2172 975 2265 facit,
998 2193 1088 2276 quot
1107 2197 1202 2274 pene
1219 2175 1301 2250 anni
1317 2197 1384 2250 nec
1394 2174 1518 2274 plures
1537 2172 1733 2276 asusrepto
1744 2177 1808 2253 ha·

367 2275 448 2353 bitu
467 2275 664 2352 monastico
676 2273 797 2374 usqne
814 2277 858 2352 ad
873 2275 1095 2374 Martyrium
1115 2275 1213 2354 illius
1232 2271 1422 2352 effluxere.
1491 2273 1562 2351 Ubi
1579 2274 1696 2376 igitur
1715 2295 1807 2354 tern-

368 2400 438 2476 pus
458 2377 556 2476 quod
575 2373 793 2476 exposcebat
820 2371 1006 2478 professio
1029 2376 1127 2452 illius
1152 2377 1191 2452 in
1215 2377 1445 2465 Boherniam,
1482 2373 1517 2450 ba
1544 2375 1685 2454 rursum
1703 2397 1807 2456 retro

367 2479 545 2554 Romam?
562 2477 624 2552 ubi
641 2477 713 2552 iter
729 2475 823 2551 illius
844 2499 923 2553 cum
942 2480 1085 2558 Ottone
1103 2479 1169 2560 Ill.
1189 2476 1417 2576 Moguntiam
1442 2471 1671 2576 susceptum?
1699 2503 1808 2579 pere-

369 2579 678 2680 grinario'abhinc
698 2601 766 2678 per
786 2578 955 2656 Gallias?
981 2577 1127 2678 longior
1146 2574 1288 2654 rursum
1310 2577 1405 2678 apud
1433 2575 1694 2676 Imperatorem
1720 2583 1808 2656 Mo*

411 2682 507 2756 antia
522 2679 786 2756 commoratio?
814 2679 953 2755 demum
972 2679 1110 2755 reditus
1141 2677 1269 2754 verlirs
1302 2677 1537 2756 Bolremiarn?
1567 2681 1735 2756 transitus
1761 2683 1808 2760 ad

369 2705 588 2857 solomani?
616 2778 834 2856 morreisshic
855 2779 950 2877 apud
972 2780 1191 2856 Polonorum
1222 2783 1357 2855 Ducem
1387 2774 1550 2854 traslae?
1583 2779 1742 2880 denique
1760 2782 1805 2859 ad

369 2881 535 2958 Prulliam
572 2877 756 2980 profestio
780 2877 1000 2978 milliaque?
1028 2881 1119 2956 Sane
1143 2900 1216 2956 uno
1248 2865 1365 2954 veluti
1395 2879 1519 2956 volatu
1535 2882 1746 2958 lraecomnia
1769 2887 1823 2960 S.-

368 2973 606 3060 Arialbertunr¹
620 2973 803 3054 absolvisse
822 2977 1013 3053 dicendum
1035 2979 1174 3069 erit3fi
1196 2979 1314 3056 eidem
1331 2997 1388 3056 tot
1416 3001 1528 3056 annos
1556 2982 1806 3061 conversatio-

369 3083 425 3158 nis
445 3082 483 3154 in
500 3079 716 3156 monasterio
737 3081 771 3153 S.
791 3077 919 3152 Alexii
937 3079 1139 3156 concedere
1158 3079 1315 3161 libuerit.
1372 3079 1624 3180 Ajostcundo:
1652 3081 1805 3160 necno.

367 3203 450 3256 nenr
468 3177 686 3280 Biographi:
719 3179 1093 3286 Quinquennioplenus
1114 3181 1209 3260 miles
1233 3185 1272 3260 in
1289 3186 1490 3277 arronastrrio
1508 3201 1613 3274 erat,
1640 3185 1806 3260 retinen·

368 3281 446 3355 darn
463 3275 560 3385 else3
579 3277 876 3380 quemadmodum
901 3303 979 3357 earn
1010 3283 1153 3375 Codex,
1172 3307 1246 3384 qno
1273 3279 1356 3359 usus
1385 3283 1639 3375 Mabillonius,
1661 3285 1806 3362 &alter
1865 3341 1868 3352 .

365 3381 561 3482 Pragensrs
579 3381 706 3459 Codex
722 3381 853 3458 reddit.
904 3381 1089 3461 Intellexit
1104 3383 1199 3460 enim
1217 3385 1345 3462 author
1356 3399 1422 3500 per
1433 3407 1560 3462 vocem
1558 3383 1698 3500 plenas
1708 3385 1805 3462 idem

368 3484 466 3585 qnod
483 3486 756 3584 constrmmatar‘,
769 3485 971 3586 perfed'ur.
994 3483 1146 3586 &quod
1164 3486 1282 3602 patrio
1316 3483 1498 3561 idrotrsmo
1534 3486 1693 3562 dicimus
1706 3488 1802 3563 inte·
1906 3532 1909 3541 -

325 3607 329 3612 ·
364 3613 434 3694 ger
456 3583 520 3662 seu
539 3603 639 3662 totus
661 3585 780 3668 milam
808 3586 972 3684 adeoque
990 3586 1274 3686 quinquennium
1292 3585 1405 3674 illud,
1422 3604 1463 3662 ut
1482 3605 1523 3662 ut
1540 3584 1797 3686 interruptum,

366 3703 590 3786 nequaquam
611 3707 679 3786 pro
700 3686 812 3801 pleno
829 3685 863 3762 dr
879 3687 1062 3786 completo
1080 3687 1329 3789 accipiendum
1348 3687 1424 3775 est,
1443 3683 1545 3764 secus
1563 3689 1658 3766 enirn
1676 3711 1800 3788 neque

366 3785 404 3865 in
422 3789 540 3863 nostra
561 3784 736 3864 sententra
753 3803 810 3862 tot
829 3801 1004 3887 tantaque
1025 3811 1085 3864 res
1108 3786 1348 3867 S.Adnlberti
1365 3789 1437 3864 hoc
1467 3809 1642 3868 annorum
1670 3789 1804 3867 ambitu

366 3909 472 3966 extra
489 3887 736 3968 monasterinm
753 3889 859 3988 gesta
879 3883 1006 3964 salvari
1024 3883 1175 3989 pollent.
1225 3887 1301 3984 ajo
1323 3893 1455 3984 terrio:
1482 3889 1541 3967 Ne
1552 3892 1696 3992 quidem
1722 3915 1803 3970 cre-

366 3988 476 4066 dibile
500 3988 637 4064 videri:
654 3991 907 4065 Bolremosram
929 3989 989 4065 diu
1009 3989 1189 4068 carituros
1215 3985 1318 4067 faitle
1346 3987 1551 4093 Episcopo,
1577 4019 1621 4070 ac
1647 3993 1803 4094 primurn

364 4091 446 4191 post
462 4083 641 4165 discessum
661 4087 757 4192 illius
776 4107 869 4164 anno
886 4083 988 4166 sexto
1006 4091 1051 4166 de
1070 4090 1279 4168 revocando
1292 4085 1483 4190 cogitasse3
1498 4091 1694 4194 presertim
1719 4099 1807 4171 cum'

252 4285 254 4290 y
362 4207 421 4304 tot
439 4187 696 4271 calamitatibus
712 4185 851 4296 pressos
871 4187 974 4272 fuisse
994 4188 1100 4294 supra
1117 4192 1401 4288 ostenderimus,
1422 4219 1507 4299 quas
1523 4191 1804 4301 paffinprobio-

1689 4319 1752 4375 res
