3954 4802
676 337 928 434 llotrrtttr
962 353 1005 419 tr.
1059 361 1098 444 9.
1512 361 1588 442 239

163 485 273 566 times
294 474 451 562 hrbnille
470 477 696 583 Episcopos,
716 505 788 583 quo
813 485 949 566 vastato
970 482 1176 586 eversoque
1197 503 1265 584 per
1289 477 1505 584 Hungrrcs,
1524 486 1620 564 Lou.
1682 537 1688 544 .

163 584 349 666 centenses
370 582 718 687 Archiepiscopijus
739 581 838 665 suum
856 605 964 667 vetus
978 645 992 680 ,
1008 589 1104 689 quod
1122 585 1159 662 in
1179 585 1242 662 hus
1266 585 1438 686 regionei
1453 586 1620 666 illisolim

160 691 400 768 Romanorum
425 681 710 786 &Gepidoruru
731 703 898 789 tempore
916 687 1166 792 competebat,
1189 682 1457 764 resuscitarunt.
1527 691 1618 768 Cur'n
1660 697 1665 710 “

160 789 243 892 post
259 790 432 887 infignem
448 785 544 861 illurn
563 785 718 865 Ottonis
735 789 798 865 Ma
826 789 863 865 ui
885 811 980 868 anno
1006 809 1081 891 955
1108 784 1299 864 vitiorium
1319 787 1376 864 lris
1391 787 1621 887 partibusre-

162 889 397 986 trocederent
425 887 614 986 Hungrri,
643 813 941 991 trunquilfiusque
965 889 1099 968 vicinis
1128 883 1201 966 suis
1237 886 1293 964 uti
1311 888 1546 989 occipereut‚
1573 914 1616 970 au
1741 887 1744 894 ’

160 989 317 1097 proinde
335 987 371 1063 se
388 989 625 1087 undequaque
642 1008 790 1066 veteres
811 991 934 1068 coloni
954 987 1143 1074 Christiani
1170 989 1209 1065 in
1239 989 1301 1064 hes
1331 1005 1447 1065 tenus
1463 989 1614 1066 insinua-

159 1110 265 1183 rent,
287 1089 468 1168 Gerendus
488 1087 798 1189 Archiepiscopus
816 1089 1101 1184 Laurercenlrs,
1125 1089 1178 1165 uti
1193 1087 1262 1186 jam
1293 1087 1338 1166 od
1359 1111 1470 1168 unnos
1488 1112 1561 1190 942
1581 1091 1617 1168 u

159 1191 506 1296 momentorum,
530 1191 572 1266 ub
593 1191 759 1290 Agapito
778 1191 825 1270 n.
845 1195 986 1269 Summo
1017 1187 1193 1268 Pontifice
1220 1185 1423 1284 fucultatem
1445 1192 1618 1290 impetra-

159 1299 273 1372 vitiu
298 1291 464 1368 orientali
484 1291 667 1368 Pannonia
686 1293 728 1369 ΕΤ
748 1297 891 1400 regione
908 1297 1121 1369 Avarorum
1148 1287 1495 1398 Maruharorumque
1526 1313 1615 1369 con·

161 1393 333 1470 stituendi
350 1387 573 1490 Episcopus,
602 1391 698 1491 quod
725 1394 834 1471 etiam
866 1389 1155 1480 verolimillime,
1182 1389 1237 1466 uti
1264 1391 1308 1465 ud
1338 1412 1404 1466 eos
1432 1413 1542 1468 annos
1561 1394 1617 1479 in-

163 1497 327 1585 ruimus,
342 1510 519 1568 executus
535 1495 600 1570 est.
662 1491 736 1588 lum
756 1516 848 1572 vero
865 1515 945 1570 cum
963 1513 1057 1569 anno
1090 1508 1163 1593 973
1188 1515 1254 1592 per
1280 1489 1503 1568 erectionem
1528 1493 1618 1594 Epir

161 1595 326 1695 leopatus
362 1592 547 1691 Progenfir
571 1558 748 1695 potiilinru
782 1594 919 1674 ueteris
956 1591 1215 1670 cisdunubirnrc
1250 1593 1422 1671 Morouiae
1447 1615 1531 1693 part
1572 1593 1616 1670 rb

160 1688 493 1870 Arclriepplcoputu
522 1695 758 1772 Laureacenfi
788 1693 900 1772 luerit
930 1691 1071 1783 avulsa,
1089 1693 1283 1793 eodemque
1303 1695 1523 1794 Mogontino
1540 1695 1616 1770 Ar-

162 1798 295 1877 chiurrti
329 1795 371 1870 'ti
395 1791 577 1886 concello,
596 1798 739 1874 recoxit
758 1794 952 1895 Piligrinus
970 1791 1170 1907 Episcopus
1200 1794 1451 1872 Luureucensrs
1472 1792 1531 1870 seu
1548 1793 1617 1870 Pu-

21 1931 26 1937 “
161 1899 329 1992 tuniculis
353 1917 449 1976 nuno
465 1893 653 1996 superiore
676 1895 733 1974 lua
750 1894 891 1974 vetusto
905 1895 986 1994 juro
1003 1896 1042 1972 in
1057 1915 1230 1996 regiones
1260 1894 1444 1972 orientalis
1474 1897 1614 1976 Panno-

159 2002 228 2078 r'tiae
243 2055 256 2092 ,
292 1996 522 2103 Ungurorunr
540 1985 584 2075 f?
604 1999 968 2084 Moravorumcotunr
985 1993 1069 2073 sede
1084 1995 1273 2072 Pontificio
1284 1994 1341 2088 ,ἃ
1355 2019 1422 2096 per
1439 1997 1530 2073 duos
1541 1997 1612 2074 Ro·

158 2124 249 2179 mum
269 2097 386 2177 millos
406 2099 651 2197 presbyteros
675 2096 872 2176 Benediflo
889 2097 961 2176 Vll
975 2095 1068 2204 (qui
1084 2094 1271 2174 secundum
1298 2097 1471 2173 caltulum
1499 2096 1611 2198 Pape-

158 2201 299 2280 brochii
315 2198 452 2277 ultimis
469 2201 552 2276 armi
577 2198 710 2299 prioris
728 2201 902 2278 nrenlibus
923 2199 1017 2300 Papo
1033 2219 1176 2291 creatus
1199 2195 1342 2300 luerat)
1367 2192 1609 2276 necellitutem

159 2325 338 2382 uovorum
353 2301 459 2400 isthic
482 2302 737 2402 erigendoruur
760 2299 1039 2402 Episcopatuum
1068 2299 1278 2402 proposuit,
1301 2300 1456 2378 eundern
1485 2296 1607 2378 multis

161 2402 330 2503 precibus
355 2400 553 2478 obtestatus
568 2459 582 2493 ‚
599 2419 640 2483 ut
662 2424 743 2476 cunr
760 2393 877 2478 meffis
894 2401 999 2478 isthic
1025 2401 1122 2476 inter
1150 2401 1376 2502 Ungrrorum
1397 2399 1432 2478 &
1457 2400 1604 2479 Sclevo-

159 2525 240 2580 rum
258 2499 464 2614 ppovincius
485 2523 609 2602 magna
627 2495 737 2593 effet,
755 2501 915 2601 operarii
935 2501 1062 2600 pauci,
1066 2524 1147 2675 per
1169 2500 1248 2578 snos
1268 2521 1387 2579 autem
1402 2500 1473 2595 jum
1496 2501 1603 2580 circi-

158 2609 218 2680 t'er
237 2599 430 2704 quinquies
447 2599 544 2676 mille
558 2599 719 2702 Hungnri
740 2601 883 2678 Christo
905 2599 1038 2676 initiati
1084 2595 1238 2693 uill'ent,
1260 2601 1402 2698 juberet
1430 2596 1600 2677 Pontifex

62 2711 65 2717 '
159 2703 302 2803 aliquos
319 2701 422 2780 isthic
439 2701 595 2778 ordinari
620 2701 838 2804 Eptlcopos,
857 2700 994 2800 filique
1019 2698 1164 2800 pallium
1192 2697 1504 2802 praedecelloribus
1530 2699 1599 2804 sulp

155 2803 252 2904 mitti
268 2800 407 2882 solitum
423 2801 682 2903 impertiretur.
734 2803 891 2904 Legatio
908 2803 982 2880 haec
999 2800 1158 2902 benigne
1183 2823 1333 2904 accepta
1355 2797 1428 2879 luit
1447 2826 1468 2879 r
1485 2799 1599 2877 Bene-

156 2903 259 2983 litto
279 2905 373 2996 vn,
394 2903 594 3004 bullumque
614 2907 718 3006 (qum
732 2905 828 3004 apud
846 2902 1101 2994 Lumbecium,
1119 2901 1322 3004 Philippum
1338 2901 1482 2994 Ltbbe,
1512 2903 1600 2979 Gol-

156 3007 311 3096 drllum,
332 3005 535 3083 Hrnfizium
568 3005 731 3105 aliosque
753 3003 922 3108 legitur)
948 3003 1188 3102 impetrarunt
1214 3006 1252 3083 hi
1273 3005 1347 3082 duo
1364 2999 1598 3106 presbyteri,

157 3108 343 3214 quainter
362 3105 430 3181 aliu
460 3107 578 3182 eidem
603 3104 707 3182 datur
731 3101 905 3198 facultas,
928 3126 970 3182 nt
998 3105 1036 3182 in
1060 3105 1244 3207 Huugaria
1268 3104 1487 3184 &Moruvir
1503 3131 1597 3182 more

158 3205 558 3300 antecellirumfitorum
576 3201 706 3283 habeat
720 3211 924 3308 potestatem
928 3203 1162 3322 presbyteros
1177 3205 1224 3286 Θ*
1245 3207 1428 3310 Epist-opos
1454 3205 1599 3284 ordina·
1760 3248 1765 3272 .·

158 3335 203 3486 l}
216 3301 691 3519 ttlfeltlllltolrt
700 3305 1600 3509 llll?lltlttltlllnlilltttt

156 3511 185 3586 ti
208 3507 281 3596 Vl,
299 3529 367 3608 quo
386 3505 554 3584 Morrvra
578 3501 812 3604 Eprscopatui
831 3507 896 3584 Pru
923 3505 1219 3602 consulturo,
1248 3531 1289 3586 uc
1314 3527 1464 3606 utraque
1491 3503 1597 3608 regio

157 3606 403 3712 Metropolitae
422 3605 641 3784 Moppntino
659 3603 827 3702 subjecta.
916 3631 958 3684 ec
967 3609 1133 3712 cuiquem
1151 3610 1296 3687 dubium
1305 3603 1376 3684 elle
1414 3607 1519 3697 otest,
1529 3604 1595 3686 hue

159 3705 298 3787 diverso
321 3708 471 3786 duorum
523 3703 711 3784 ontifieum
745 3704 1367 3813 sententiu,bullrrumquecoutradi
1406 3710 1490 3786 ione
1508 3729 1628 3789 con--

158 3807 366 3889 troverlium
392 3811 566 3910 litemque
594 3810 689 3888 inter
707 3804 923 3910 Episcopum
942 3808 1154 3913 Prugenlem
1174 3803 1597 3890 &Laurercenlerrfuil-

157 3908 194 3992 se
212 3926 373 3999 erratum,
395 3933 474 3986 cum
519 3911 597 3988 rior
615 3907 744 3988 finibus
760 3911 925 3990 dioecelis
943 3910 1011 3989 suae
1025 3917 1068 3992 ub
1085 3913 1191 3992 initio
1202 3909 1403 3990 constitutis
1420 3911 1598 3989 concede
1683 3967 1701 3994 .

156 4037 200 4094 re
219 4007 352 4100 nollet,
377 4010 467 4087 ulter
530 4011 687 4089 orevirm
706 4012 767 4090 fibi
789 4013 908 4090 denuo
924 4013 1140 4093 vindicatum
1155 4071 1170 4108 ‚
1187 4039 1228 4092 rc
1239 4011 1599 4114 verosimillimelipi-

155 4115 300 4213 scopum
309 4105 574 4210 Suffruguneum
590 4111 693 4192 isthic
707 4113 907 4194 ordinatum
924 4135 1090 4216 cuperet.
1141 4117 1221 4196 Nec
1237 4114 1599 4194 incredibile'ellmo-

154 4213 338 4296 liminibus
351 4210 517 4314 Piligrini
534 4209 703 4332 udhrefille
718 4213 906 4338 universos
921 4212 1198 4321 Mortuos,qui'
1213 4222 1389 4296 memoret
1416 4214 1452 4296 se
1474 4215 1601 4390 ppiore

1513 4337 1553 4390 e·
1666 4361 1668 4368 ·
