3900 4814
737 235 985 316 Bosrssnr
1009 245 1072 316 n.‘
1102 238 1166 314 26.
1553 249 1623 337 371

201 377 318 456 adhuc
328 378 496 473 annojam
506 373 877 480 exedificirieoepille
891 379 1143 472 monasterium
1156 376 1449 462 Brzevnovieuse
1465 378 1559 456 idem
1572 378 1651 480 ipse

201 478 312 556 toties
336 481 790 578 memoratus-Anonymus
811 479 915 557 nobis
945 483 1045 559 testis
1076 481 1279 558 luculentus
1306 479 1380 570 est,
1416 483 1515 576 cujus
1536 481 1648 559 verba
1679 525 1689 532 ·

200 577 302 656 suut:
330 579 464 658 Eodem
482 600 636 684 tenpore
654 581 841 682 Episcopus
865 580 1092 658 Adalbertus
1115 611 1162 658 cce
1183 569 1216 656 lt
1235 585 1431 686 cogitare(
1454 579 1590 660 scilicet
1600 581 1645 658 de
1678 575 1767 678 flul
1782 578 1876 680 ‚lille

195 681 313 782 loco)
333 700 375 759 ut
391 687 633 780 ntondlerium
653 683 796 790 aliquod
807 687 847 759 in
866 680 1032 760 Bobemia
1051 711 1128 760 cura
1139 601 1273 780 sinim
1288 683 1477 789 diligentia
1494 689 1532 760 in
1541 681 1647 762 bono
1655 681 1762 744 ''W''
1775 663 1878 728 ²me

197 809 277 858 rem
295 783 538 883 S.Beacdttii,
554 781 624 886 fieb
638 783 737 886 crpus
765 782 891 891 regula
914 784 995 861 Deo
1022 781 1228 873 militabat,
1265 789 1496 881 construeret,
1522 787 1562 860 in
1604 747 1873 893 uosfsmkm‘

199 883 242 960 θ’
261 892 575 991 congregationem.
589 883 836 963 monachorum
855 886 891 965 S.
901 886 1098 977 Benedibli,
1124 909 1210 995 qnos
1217 885 1337 984 secum
1354 881 1557 990 cleRomao
1583 887 1649 962 du-
1716 876 1728 904 ⁴

198 1004 308 1062 xerat
320 1042 334 1077 ,
360 985 510 1064 locaret.
563 989 706 1095 Deoqoe
732 987 915 1064 reuelante
931 987 1102 1094 sylvam,
1128 1012 1204 1094 quae
1231 985 1348 1064 Sorlra
1374 983 1534 1077 dicitur,
1562 983 1650 1066 dato

189 1091 313 1190 pretio
331 1089 499 1178 redemit,
525 1086 643 1200 ibique
668 1089 795 1172 divine
824 1088 1018 1190 adjumnte
1040 1095 1174 1194 gratia
1208 1087 1252 1165 e'
1276 1092 1331 1190 pii
1359 1089 1477 1165 Ducit
1499 1089 1651 1170 Bnleslai

186 1189 367 1296 suffragio
385 1194 627 1285 monasterium
645 1195 747 1292 capit
772 1189 950 1285 aalifimre
974 1195 1051 1268 An.
1075 1189 1187 1266 Dona.
1215 1189 1361 1268 Incarn.
1393 1187 1650 1268 DCCCCLX·

194 1288 287 1365 LII.
337 1289 452 1384 Hujus
475 1291 679 1382 monasterii
701 1290 837 1388 inclyti
855 1289 960 1368 initia
982 1314 1061 1368 cum
1081 1288 1269 1389 Hagecios
1286 1290 1330 1366 ad
1345 1313 1475 1366 aunum
1496 1287 1649 1389 sequen·
1898 1305 1926 1365 ο

198 1407 294 1482 tem,
321 1414 393 1490 quo
408 1391 593 1469 wdedicatio
612 1391 708 1470 illius
727 1389 846 1484 sabla,
864 1390 1064 1486 rejecerit,
1091 1391 1224 1470 ibidem
1251 1392 1356 1494 plura
1379 1413 1427 1468 ex
1452 1389 1650 1470 veterioti·
1826 1403 1828 1409 ’

198 1491 265 1568 bus
286 1491 559 1573 illustrabimur.

309 1692 372 1772 lll.
398 1693 436 1770 A
457 1689 552 1770 sacra
572 1675 657 1770 anni
673 1691 775 1788 hujus
790 1681 942 1770 ¹historia
956 1690 1177 1771 transeamus
1194 1693 1238 1771 ad
1264 1683 1478 1793 profanam:
1506 1693 1647 1774 Memo-

196 1789 356 1878 ravimus
374 1815 467 1871 anno
488 1791 676 1894 superiore
694 1793 999 1895 Luiticios,quod
1027 1795 1161 1873 llizoni
1185 1797 1317 1872 saxoni
1352 1795 1648 1896 brandeburgum

196 1918 278 1971 com
300 1893 501 1973 confinibus
509 1895 725 2071 lprovinciis
746 1889 980 1990 subjeo'eritit,
998 1895 1286 1995 indignationem
1315 1895 1468 1972 Boleslai
1503 1895 1558 1972 Pii
1591 1897 1648 1969 in⁴

194 1990 365 2088 curtillo,
393 1997 562 2073 adverus
581 2019 671 2094 quos
693 2019 787 2074 anno
810 1992 985 2096 prasente
1005 1997 1144 2078 Ottoni
1161 1999 1213 2075 Ill
1233 1995 1413 2096 suppetias
1433 1994 1647 2096 tulit,quod

1 2115 2 2126 ¹
110 2115 111 2118 ‘
193 2095 332 2196 liquido
349 2097 518 2188 ostendit,
540 2098 741 2176 boleslaum
753 2097 891 2176 Ottoni
911 2099 1056 2198 penitus
1072 2099 1342 2175 reconciliatum
1364 2093 1478 2182 suille.
1549 2101 1647 2174 Ver-

193 2198 238 2274 ba
255 2199 447 2276 Annalistae
465 2199 617 2276 Saxonis
640 2197 739 2277 sunt:
768 2201 858 2276 Otto
875 2203 955 2276 Rex
975 2225 1053 2276 curt
1072 2199 1352 2300 validastorum
1377 2228 1484 2276 manu
1511 2188 1880 2276 pffpmnnnaipasrx.

187 2293 428 2376 ‘Brundeburb
447 2301 561 2392 adiit,
590 2303 755 2409 venitque
772 2299 827 2376 ad
839 2327 916 2376 eunt
927 2300 1121 2378 Heinricus
1141 2303 1236 2378 Dux
1246 2273 1757 2390 donariorum‚&Bo-'‘³''·⁰·

183 2399 320 2477 lizlaus
340 2397 578 2486 Bobenriorum
598 2406 766 2505 Princeps
791 2405 1027 2508 contingenti
1051 2403 1278 2480 asultitudiae
1303 2403 1341 2476 in
1369 2401 1545 2478 auxilinm
1575 2404 1645 2476 lle-

97 2591 102 2603 ·
186 2505 262 2610 gis.
314 2499 493 2582 Bolialaus
511 2531 595 2580 vero
617 2505 800 2602 Mesorome
811 2502 1004 2602 filiusper
1020 2506 1062 2605 se
1078 2505 1184 2605 ipsium
1209 2503 1263 2580 ad
1289 2529 1407 2607 regem
1436 2506 1557 2582 venire
1574 2529 1645 2579 non

192 2604 336 2694 valetis,
363 2601 571 2682 imminebat
585 2611 705 2711 quippe
725 2611 757 2681 ei
773 2603 915 2712 grande
940 2599 1064 2680 bedam
1085 2622 1214 2680 contra
1232 2605 1420 2702 chscianos
1435 2659 1446 2692 ,
1453 2602 1644 2704 ficossrtis
1769 2615 1772 2621 '

182 2705 346 2801 fideliter
374 2706 506 2782 milites
529 2709 567 2784 in
582 2709 807 2803 ministeriam
827 2709 926 2812 regis
945 2703 1146 2782 direxerat.
1202 2707 1338 2784 Vtrum
1354 2706 1434 2782 Rex
1456 2701 1644 2792 bonisSla-

189 2837 318 2886 vorum
326 2805 610 2910 promiffianibus
628 2809 824 2904 confidens,
830 2809 972 2914 suisque
990 2804 1211 2910 Principibus
1229 2810 1380 2906 resistere
1404 2807 1524 2885 nolens
1540 2862 1554 2896 ,
1572 2824 1644 2907 pe-

188 2935 261 2984 tem
282 2913 352 2986 iuis
370 2915 503 2988 iterum
521 2914 682 3007 conceffit
692 2969 705 3005 ,
734 2909 777 2987 e'
795 2910 876 2988 inde
892 2913 930 2985 iu
941 2915 1107 3012 patriam
1126 2913 1313 2986 remcavit.
1387 2905 1458 2986 Sed
1469 2911 1521 2984 illi
1544 2935 1642 2986 more

182 3006 282 3106 solito
319 3016 464 3087 mentiti
478 3015 571 3109 sunt
588 3031 658 3116 per
696 3017 824 3088 onrsria.
903 3011 1006 3086 Ante
1029 3012 1120 3088 hanc
1147 3010 1422 3112 expeditionem
1438 3031 1642 3089 semmot-

189 3127 274 3187 tuus
295 3110 347 3184 est
365 3109 504 3186 Mileco
526 3111 745 3192 Polonorum
758 3115 905 3205 Dux,ut
922 3113 1017 3189 idem
1033 3111 1218 3190 Annalista
1237 3135 1284 3190 ex
1306 3115 1468 3191 Ditmrro
1485 3113 1541 3188 his
1553 3133 1639 3188 ver-

186 3211 242 3290 bis
262 3212 455 3314 perhibet:
484 3213 612 3311 Mseco
625 3217 722 3292 Dux
745 3214 956 3292 Polanorum
960 3212 1045 3318 jans
1049 3215 1165 3315 senex
1172 3210 1398 3314 febricitans
1415 3211 1460 3291 ab
1477 3211 1543 3292 boc
1560 3218 1639 3290 exi·
1665 3214 1743 3286 um
1760 3221 1829 3292 idid.

186 3315 232 3393 lio
253 3314 476 3418 adpatriam
492 3313 648 3409 calestem
669 3319 842 3410 transtvit
851 3371 864 3406 ,
881 3315 1078 3423 relinquens
1097 3317 1346 3424 regnumsteum
1353 3315 1524 3421 plurimis
1542 3315 1638 3392 dioi-

187 3415 349 3496 dendum.
405 3413 533 3492 Quem
552 3415 786 3492 emortualem
810 3437 941 3494 annum
958 3417 1068 3494 eriam
1084 3419 1280 3510 prodidere
1299 3416 1639 3517 ExemptaNecro·

120 3505 125 3542 ¹
184 3519 277 3620 logii
297 3516 509 3608 Fuldenlis,
535 3515 575 3593 in
594 3539 668 3617 quae
687 3533 807 3594 tamen
830 3539 948 3606 error,
966 3517 1104 3596 librarii
1126 3520 1295 3620 irrepfit,
1316 3543 1399 3598 cum
1422 3541 1504 3594 eum
1525 3519 1731 3674 Mal-psat
1740 3533 1867 3603 mbae.

120 3597 130 3643 ⁸
183 3619 317 3700 chionis
337 3619 446 3698 titudo
468 3641 658 3721 perperam
679 3619 906 3719 impertiunt.
956 3621 1163 3720 Crugerius
1188 3621 1312 3698 noster
1329 3619 1629 3723 planediemobi-
1667 3615 1862 3722 ·¹11·927⁶5

185 3740 243 3802 tus
261 3721 305 3798 ad
328 3739 375 3822 17
392 3720 579 3799 Februarii
600 3722 848 3823 confignavit,
876 3719 938 3799 sed
955 3723 1253 3822 quemadmodum
1270 3723 1301 3798 is
1319 3722 1557 3800 emortualem
1565 3744 1627 3799 an·
1636 3697 1754 3848 lew
1773 3707 1867 3786 ''lb'‘-

183 3841 270 3901 num
290 3819 426 3921 septem
442 3827 543 3901 annis
563 3825 803 3926 posteriorem
818 3845 866 3900 ex
887 3823 1033 3902 minime
1052 3824 1210 3926 limpidis
1233 3821 1393 3910 fontibus
1412 3825 1549 3917 haulis,
1576 3826 1628 3902 ita
1690 3825 1699 3850 ⁸
1747 3787 1870 3923 ΨΜ·-

185 3925 264 4004 dies
280 3923 399 4002 obitur
416 3947 438 4000 a
458 3925 603 4003 nemine
624 3927 840 4019 veteriore,
867 3923 964 4027 quod
992 3923 1097 4019 scio,
1125 3928 1291 4030 proditus
1321 3949 1395 4004 non
1420 3925 1629 4027 purioribus

182 4027 351 4108 laticibus
368 4023 577 4126 profluxisse
605 4029 766 4107 videtur.
844 4023 1020 4106 Profedlo
1047 4053 1130 4106 cum
1164 4027 1361 4108 Mileconis
1384 4029 1536 4106 morsin
1554 4029 1629 4105 Ex-

182 4133 320 4235 eetptis
334 4125 554 4232 Necsologii
566 4127 595 4212 F
597 4131 750 4212 uldenlis
766 4127 998 4312 lubjuAngatm
1018 4129 1128 4212 moni
1154 4131 1345 4218 Gerbrohti
1363 4129 1628 4320 Abbatisile.

890 4255 992 4311 aaz
