3914 4822
384 333 478 412 342
943 311 1142 390 Annus·
1154 329 1234 413 990

365 471 686 590 Opatovicensra
708 465 1207 600 memorant)miraculis
1230 472 1385 585 etiam,
1428 468 1711 587 nusquamque
1742 501 1813 566 au·
1937 565 1939 576 ,

366 603 466 703 ditis
489 614 690 728 prodigiis
711 614 895 704 revexit.
971 609 1169 726 Bayeuus
1194 609 1468 724 Bulgarorum
1486 609 1584 700 Rex
1596 593 1649 700 (c)
1671 617 1812 705 audita

298 804 300 810 ι
364 749 475 842 sama
503 750 622 870 Viri,
658 752 831 844 videndi
872 752 961 866 ejus
993 751 1197 842 desiderio
1232 749 1478 866 exarserat,
1511 749 1584 840 sed
1625 757 1811 868 pretulit

349 888 630 984 -Adalbertus
661 889 958 1026 Hungarorunr
981 891 1172 1006 Regem,
1196 917 1321 1008 quem
1345 890 1387 979 in
1407 918 1453 980 re
1466 819 1688 981 Christiana
1708 923 1812 984 uon-

17 1041 18 1044 ‘
134 1035 189 1104 nr
219 1033 471 1122 Cr⁰1¹⁸³⁴mnihil
493 1035 687 1124 vacillare
713 1052 1007 1146 compererat.
1072 1029 1266 1122 Residta
1256 1051 1398 1146 utaque
1427 1027 1656 1154 Modruflia
1678 1037 1810 1126 tertio
1938 1109 1939 1114 ι

133 1124 170 1186 d
134 1121 384 1284 stignuse
370 1175 438 1263 die
470 1169 728 1286 Hungariam
753 1172 922 1287 attigit,
953 1191 1140 1288 moxque
1171 1168 1433 1283 Strigonium
1465 1167 1654 1260 versus
1644 1193 1727 1264 ater
1751 1176 1810 1264 di-

134 1305 280 1356 ”mm
367 1296 640 1426 rigensisthic
662 1311 861 1426 Regem,
877 1333 926 1403 ut
949 1313 1180 1427 anhelaret,
1217 1313 1400 1428 reperit,
1431 1336 1557 1428 quem
1578 1311 1632 1400 ad
1663 1341 1809 1408 reram

365 1455 569 1571 pietatem
603 1453 647 1541 &
666 1453 904 1542 Christiane
927 1452 1097 1544 virtutis
1115 1451 1291 1544 studium
1312 1451 1443 1612 latino
1465 1449 1811 1568 potissimrrmser·

218 1703 223 1710 ι
367 1615 496 1684 mone
521 1591 709 1684 instituit.
750 1574 805 1682 (d)
897 1607 900 1620 '

475 1727 562 1818 Hic
586 1732 671 1824 loci
695 1749 894 1846 praeterea
927 1751 1077 1846 rogatu
1110 1761 1175 1845 cuj
1166 1729 1322 1823 usdanr
1358 1729 1511 1822 nobilis
1544 1729 1588 1823 δι
1617 1734 1809 1848 praedivi-

362 1869 435 1962 tiis
456 1866 593 1986 Apuli
616 1895 904 1985 cognomento
928 1869 1114 1962 Deodati
1127 1872 1391 1988 nuperrime
1424 1899 1481 1962 ex
1505 1871 1804 1963 Comitatusuo

367 2005 507 2100 aanor
528 2003 766 2101 Severini
757 2041 799 2101 m
819 2009 1075 2125 Hungariarn
1112 2009 1343 2124 transgressi
1373 2013 1617 2104 ctenobium
1646 2013 1802 2124 magnis

131 2110 284 2288 fgffl
280 2132 361 2263 ’,ἴω
366 2148 570 2240 sumtibus
591 2153 642 2239 ab
671 2177 725 2240 eo
756 2152 944 2240 erestum
965 2149 1239 2240 consecrauit.
1355 2148 1473 2244 Inter
1507 2179 1599 2270 quae
1630 2153 1809 2268 accidit,

134 2291 211 2356 rrum
229 2291 308 2350 Tm·
368 2309 417 2381 ut
440 2289 566 2380 duo
550 2318 730 2404 Juvenes
753 2292 797 2378 in
816 2288 1072 2403 Hungariam
1100 2289 1324 2381 studiorum
1343 2287 1463 2382 causa
1486 2291 1662 2414 proserii
1685 2294 1809 2384 ealo-

368 2458 415 2521 ca
439 2433 728 2546 praeterirent,
751 2431 1020 2548 agnitumque
1046 2425 1328 2520 Adalbertum
1364 2425 1509 2546 nragna
1546 2461 1657 2542 cum¹
1681 2453 1809 2524 vene·
1940 2523 1941 2528 ι

363 2575 526 2662 ratione
581 2572 817 2665 susurrent.
936 2569 1093 2687 Rogati
1136 2601 1158 2660 a
1202 2568 1435 2676 Deodato,
1481 2571 1728 2692 quiessent,
1763 2576 1807 2666 dc

360 2713 473 2805 unde
498 2709 704 2828 hospitem
725 2709 1068 2829 nossent,‚patria
1091 2713 1229 2825 lingua
1257 2707 1472 2824 Bohernos
1503 2712 1546 2804 se
1581 2712 1665 2806 esse
1688 2716 1806 2806 dixe·

362 2873 458 2945 runt
479 2921 491 2964 ,
514 2849 868 2969 subdideruntque
900 2853 1048 2943 eadem
1082 2853 1243 2964 lingua:
1277 2834 1358 2950 ἕο
1386 2840 1476 2973 assi
1505 2834 1618 2978 dds&
1637 2835 1805 2974 ῗὰία)

364 2991 477 3110 quod
499 3009 588 3080 erat
610 2993 776 3086 dicere:
812 2990 964 3080 Noster
986 3010 1103 3106 pater
1127 2994 1200 3087 est.
1294 2989 1514 3084 Deodatus
1549 2997 1677 3087 abeo
1700 3015 1806 3088 tern-

364 3157 469 3248 pore
491 3157 576 3224 nou
598 3131 719 3218 aliter
753 3127 960 3246 hospitem
996 3125 1277 3246 Episcopum,
1309 3161 1432 3249 quam
1470 3140 1578 3225 Tuta
1600 3139 1805 3254 appellare

364 3267 537 3381 solitus,
558 3270 758 3387 idemque
774 3297 931 3362 nomen
949 3271 1120 3360 honoris
1158 3270 1273 3360 causa
1306 3275 1505 3364 coenobio
1541 3273 1614 3366 suo
1638 3278 1804 3370 indidit.

365 3395 416 3498 (e)
365 3403 716 3504 (Adulbertus
746 3440 852 3504 vero
898 3402 995 3502 cunr
1020 3410 1187 3527 paganis
1209 3412 1399 3502 lucorum
1433 3416 1601 3520 istorum
1640 3420 1807 3534 populis

363 3552 567 3642 Christum
591 3551 895 3668 annuntiasset,
918 3554 1203 3668 plurimosque
1226 3549 1341 3642 sacro
1379 3553 1544 3647 lavacro
1577 3545 1806 3674 expiasset,

208 3809 211 3816 Δ
357 3687 401 3782 in
425 3689 672 3783 Bohemiarn
706 3693 989 3807 serrandulit,
1012 3722 1059 3782 ac
1078 3687 1273 3804 Bolessao
1307 3695 1472 3810 literas,
1505 3727 1606 3816 quas
1628 3700 1703 3788 fibi
1726 3729 1806 3792 unu

209 3863 213 3870 ·
359 3823 793 3927 Pontisexmaximus
826 3835 1030 3946 dederat,
1070 3831 1267 3945 tradidit,
1300 3833 1451 3950 quibus
1477 3839 1519 3926 ei
1542 3835 1662 3958 plena
1686 3859 1831 3956 pote·'
1930 3838 1937 3852 ’

358 3969 434 4064 sias
442 3971 662 4215 dciunffisa,
683 3975 925 4072 monasteria
946 3975 1224 4091 ecclesrarque
1243 3999 1319 4092 per
1340 3970 1555 4075 Ducatum
1583 3975 1701 4074 suurn
1726 3983 1806 4074 eri

356 4123 439 4236 geu

21 3339 29 3352 Ι
134 3384 219 3450 nerlu
230 3381 360 3448 drreaord

133 3466 308 3538 Bebmrram
349 3521 352 3526 Α

1530 4225 1537 4234 ’
1620 4283 1747 4385 ΑΝ-
