3914 4822
631 293 936 380 -uorrssnr
972 319 1030 382 ,ιι
1065 317 1128 370 22.
1337 256 1341 266 ι
1491 315 1563 396 321

136 449 337 572 tionem,
389 433 742 576 perditamque
730 485 774 548 ιιι
816 399 981 550 illarum
1044 451 1175 547 salute
1220 452 1440 571 quaerenda
1491 487 1593 574 ope·

133 625 222 690 ram
245 599 325 690 tibi
347 623 527 716 querar,
557 594 747 688 sater'ar
735 623 906 716 mquam
935 598 1081 709 ultro,
1111 623 1192 686 nec
1227 595 1470 709 ingenium,
1506 625 1589 692 nec

9 781 12 794 v
134 739 251 832 vires
274 739 378 830 mihi
398 740 504 854 ultra
525 736 775 856 suppetere,
812 756 866 830 ut
889 735 1131 828 morbidum
1164 763 1341 850 gregem
1371 737 1421 827 nd
1443 733 1587 830 sanita·

8 987 9 990 Ν
82 958 85 972 .
130 897 225 972 tem
253 907 471 1001 revocem.
569 872 771 992 Audisti,
810 877 854 972 dc
888 874 1068 970 sortallrs
1096 876 1181 991 jam
1214 875 1301 994 ipse
1341 877 1475 968 oculis
1502 880 1589 974 tuis

8 1009 44 1132 ξ,
128 1017 345 1137 spectasti,
385 1048 509 1138 quarn
534 1020 642 1112 male
663 1015 913 1136 respondeat
947 1015 1107 1110 studius
1134 1019 1273 1134 operis
1293 1017 1429 1131 nreis,
1462 1045 1590 1136 quam

8 1147 12 1250 j
129 1183 262 1252 omne
289 1161 431 1252 vincat
452 1163 807 1264 medicamentum
828 1160 1013 1250 morbus.
1101 1155 1364 1270 Observasii,
1402 1157 1641 1282 inquam·

8 1319 9 1362 i
60 1401 70 1424 .
130 1301 432 1417 proculdubio
454 1330 540 1394 non
563 1301 647 1392 fine
666 1300 823 1393 doloris
845 1297 964 1398 sensu
986 1299 1029 1390 in
1055 1299 1212 1415 populo
1242 1297 1457 1416 perfidiam
1481 1297 1587 1429 inju-

8 1471 12 1482 ¹
132 1441 370 1560 stitinnrque
391 1469 406 1556 ,
427 1442 470 1532 in
491 1441 714 1541 nobilitate
737 1439 944 1532 saevitiem
966 1441 1010 1531 dc
1035 1437 1215 1554 sallum,
1251 1442 1362 1530 inter
1398 1437 1585 1530 sacerdo-

130 1595 200 1703 tes
228 1599 474 1698 torporem,
509 1582 841 1674 inobedientiam
881 1578 1185 1698 inscitiamque.
1251 1565 1310 1666 (τ)
1355 1576 1588 1697 Nunquam·

8 1789 10 1804 ,
129 1721 302 1838 quidem
325 1724 369 1812 in
393 1721 576 1814 animum
610 1723 748 1813 admisi
772 1723 927 1814 cedere
958 1722 1272 1840 inperpetuum
1300 1721 1452 1835 malis,
1481 1747 1583 1840 quo·

8 1847 11 1878 '
130 1862 181 1950 sd
206 1863 251 1954 in
275 1862 481 1956 malesano
501 1889 633 1978 grege
662 1860 755 1980 spes
780 1861 995 1956 ullasuit:
1030 1881 1075 1954 nt
1094 1862 1264 1956 tandem
1292 1858 1586 1977 speomnide·
1654 1974 1656 1982 .
1812 1901 1829 1932 a

126 2002 319 2104 turbatus
338 2005 476 2100 redire
497 2002 1004 2131 Romam,aeternumque
1039 2003 1183 2120 patriae
1212 2001 1452 2094 valedicere
1483 2017 1586 2094 cum·

125 2145 267 2236 animo
292 2146 502 2246 constitui.
573 2142 674 2240 Non
697 2145 780 2238 line
803 2145 949 2240 divino
978 2145 1148 2238 confilio
1166 2143 1370 2240 aduentus
1404 2162 1502 2236 tuus
1531 2143 1578 2234 in

124 2289 207 2376 lroc
230 2305 398 2404 tempus
420 2286 587 2378 accidit.
659 2271 771 2380 Tibi
793 2286 1100 2378 univindicatae
1124 2284 1238 2376 coelo
1262 2281 1576 2395 Boberniaeglo·
1725 2315 1728 2323 ¹

18 2527 29 2540 .
124 2425 186 2519 ria
209 2426 257 2524 dc
272 2429 488 2540 praoriunr
510 2425 671 2530 servata
703 2421 833 2542 sunt„
858 2429 1120 2544 posteaquam
1143 2453 1229 2516 non
1251 2425 1576 2542 abunratquete
1676 2537 1680 2552 Ι

127 2566 335 2678 aptiorem
373 2561 552 2681 judico,
587 2565 662 2686 qui
703 2565 768 2656 his
810 2566 929 2656 malis
962 2563 1204 2682 praesentius
1240 2565 1402 2657 mederi
1434 2561 1569 2680 pollit.
1685 2581 1731 2664 ,“

9 2685 10 2688 ¹
128 2697 422 2800 Tuavirtus&
451 2706 672 2832 nobilitas,
706 2701 892 2798 Boleslai
925 2703 1061 2802 Ducis
1099 2703 1239 2798 fratris
1271 2707 1335 2798 tui
1354 2707 1567 2824 potestas,
1578 2701 1610 2776 ⁸·
1591 2707 1806 2862 martegni
1856 2823 1861 2830 .

16 2927 23 2942 .
123 2846 343 2966 utriusque
362 2847 586 2942 audioritas
606 2847 649 2940 id
672 2847 757 2940 fine
786 2849 916 2940 dubio
939 2847 1183 2965 praellabunt
1206 2849 1431 2961 celeriter,
1454 2774 1712 2966 quodspffm
1732 2806 1806 2952 asi
1947 2891 1949 2908 ·

120 3008 242 3080 tanto
261 2991 427 3082 muneri
445 2991 577 3105 impar
599 2989 760 3080 animus
781 3015 902 3082 meus
924 3008 992 3081 tot
1010 3017 1212 3091 annorum
1225 2986 1343 3082 cursu
1365 2970 1719 3084 effecturam
1888 2998 1890 3007 '

121 3129 221 3220 dare
241 3129 350 3220 haud
370 3129 523 3244 potuit.
619 3125 724 3218 Tibi
750 3132 864 3220 enim
899 3130 1088 3220 omniurn
1123 3125 1365 3223 obedientia
1392 3129 1569 3250 litabit,

121 3287 245 3362 tuum
270 3265 536 3384 supercilium
564 3265 701 3358 sratris
729 3269 980 3378 auctoritate
1016 3269 1206 3362 erectum
1239 3269 1500 3364 refractarios
1520 3271 1567 3365 in

118 3411 233 3502 viam
253 3425 395 3524 coget.
465 3401 574 3498 Hae'c
593 3437 690 3532 cum
710 3407 848 3526 dixit,
867 3409 1145 3530 episcopalem
1167 3411 1326 3525 virgam
1349 3412 1393 3504 tc
1414 3409 1568 3504 insulas
1640 3395 1644 3400 ¹

117 3551 163 3642 in
185 3551 314 3642 finum
346 3547 645 3668 Strachiquatis
678 3549 873 3665 tradidit,
905 3554 1055 3668 enixe,
1102 3552 1215 3670 quod
1237 3551 1309 3670 ipsi
1340 3552 1567 3670 pstriaeque
1686 3637 1705 3650 .

117 3693 231 3784 bene
248 3675 441 3784 verteret
453 3707 696 3810 ‚precatus,
721 3688 949 3810 capesseret
973 3687 1187 3810 Prngeniis
1206 3687 1403 3786 Ecclesia
1416 3693 1568 3808 guber·

8 3881 9 3932 r
115 3832 289 3947 nacula,
309 3829 482 3950 suasque
504 3861 591 3924 non
608 3833 814 3924 redituri
803 3861 847 3923 ιιι
860 3833 1033 3950 patriam
1057 3836 1233 3952 aruplius
1255 3835 1375 3926 vices
1396 3833 1581 3949 obiret;·

116 3969 332 4094 pollicitus
352 3969 541 4062 daturum
554 3971 597 4064 se
620 3999 791 4090 operam
810 4003 855 4064 nr
869 3975 999 4088 urbe
1028 3993 1077 4068 ut
1103 4003 1154 4070 ea
1182 3971 1459 4100 Episcopatus
1493 3975 1593 4077 ab,
1719 4085 1723 4096 Ι

116 4105 282 4210 dicatio
303 4109 503 4212 Pontifici
522 4111 714 4206 Romano
728 4115 946 4236 probetur.
986 4099 1045 4210 (a)
1267 4225 1270 4232 Ι

166 4281 344 4367 Pnarli'
353 4283 512 4374 Αιιιιιι.
526 4283 675 4376 masc.
855 4285 908 4366 St
1434 4277 1516 4378 Ab
1655 4369 1657 4376 .
1714 4341 1734 4352 -
