3914 4822
672 331 912 411 Bonnsnnr
948 353 990 410 rr.
1043 354 1108 409 22.
1369 421 1372 426 ,
1489 349 1567 436 347

146 473 199 556 tsi
226 476 320 554 Toto
337 469 550 578 desigantur.
590 475 680 555 Nous
700 482 753 559 uti
775 481 814 558 in
832 472 1074 560 Pretermiffis
1099 476 1208 578 poulo
1234 467 1328 552 infru
1348 473 1590 569 ostendemus,

145 580 216 656 hoc
235 573 312 678 ipso
327 597 422 653 enno
442 577 553 678 Popos
569 580 683 658 desn·
699 581 820 663 Rome
841 579 1122 662 &Adalbertum
1148 576 1346 652 monastice
1376 577 1461 655 vite
1490 575 1592 653 insti·

146 698 261 758 tutum
280 676 480 778 amplexum
498 676 679 772 deseruit,
696 681 879 784 rediitque
900 704 947 760 ex
970 679 1082 758 stolia.
1159 675 1292 756 Quidsr
1320 675 1383 752 isse
1410 676 1487 778 ipse
1516 677 1592 770 est,

146 779 207 880 qui
224 775 417 855 conscensu
437 781 600 859 Anconae
622 783 706 860 navi
756 806 798 859 er
821 785 1001 870 Crottiom
1017 779 1061 858 od
1073 777 1327 877 Hungorotum
1345 777 1486 878 Regem
1497 795 1595 856 mon·

144 879 236 958 siit?
264 879 350 981 quid
375 880 401 956 si
429 877 553 982 Popoti
571 882 685 959 Rodsae
701 807 811 984 ssroo
835 885 946 960 Mart
968 887 1022 961 rr's
1040 876 1117 982 ipse
1132 881 1282 976 Mattyr
1299 877 1520 980 Snnssusque
1540 879 1596 956 A.

145 979 327 1088 dalbertus
343 1001 534 1080 perpetrm
559 981 790 1060 substitutus?
816 913 1080 1072 Cerreitadsa,
1097 1001 1171 1058 non
1189 979 1471 1070 snduberms,
1493 979 1596 1058 Tatae

144 1079 206 1158 seu
225 1084 374 1183 Poparis
394 1103 526 1157 nomen
544 1079 696 1160 serebat.
758 1082 838 1184 spse
855 1084 950 1161 enim
969 1087 1003 1162 S.
1017 1079 1237 1160 Adnsbettus
1256 1081 1300 1156 od
1322 1079 1470 1158 Geizom
1491 1077 1593 1156 Hom

117 1280 123 1290 ῃ
144 1202 316 1283 gororum
334 1182 470 1256 Ducem
493 1182 538 1257 de
553 1184 680 1260 eodem
698 1185 804 1262 Rodsu
823 1180 980 1260 scribens
997 1185 1077 1262 ait:
1112 1186 1282 1283 Popotem
1306 1190 1323 1274 (
1338 1180 1376 1256 id
1394 1182 1446 1256 est
1460 1179 1555 1258 Tuta
1570 1185 1684 1278 >Apud
1707 1193 1821 1270 Masis.

135 1299 289 1458 ppppltpr
309 1281 498 1458 Deumlaed
511 1311 566 1360 me
580 1287 793 1462 notassem.
844 1285 966 1464 sspdp'np
989 1283 1102 1460 {sudio
1122 1305 1213 1458 '⁰1¹2
1240 1279 1412 1456 plraesentse
1441 1303 1535 1368 anno
1551 1277 1707 1458 &presa
1720 1282 1821 1354 demi·

146 1408 241 1560 od
262 1399 391 1597 fessis
404 1401 648 1587 “sciisset
669 1409 819 1564 rosis
832 1489 868 1562 n
891 1401 1592 1586 uiridis&insse'siiisusoiiss.

144 1579 237 1661 tussis
256 1583 340 1660 hmc
361 1603 504 1686 quoque
526 1584 593 1661 issae
615 1588 819 1665 traditionis
838 1587 1100 1666 Thuroczinnae
1117 1582 1286 1686 reliquiae·
1306 1602 1465 1676 exorte,
1495 1584 1595 1683 quod

4 1697 11 1704 '
143 1705 226 1762 eum
244 1703 290 1760 ex
309 1681 447 1783 Apulis
487 1681 669 1763 rdvenisse
703 1685 922 1792 scripserit,
960 1685 1021 1765 sed
1041 1683 1166 1765 nescio
1199 1685 1297 1762 simus
1323 1707 1430 1786 quem
1459 1707 1592 1763 uxore·
1717 1747 1727 1768 .

143 1802 218 1863 turn
236 1786 272 1860 S.
293 1783 458 1862 Severini
480 1785 658 1864 Comitem
683 1806 905 1868 commentus
924 1790 981 1877 sir.
1058 1791 1149 1866 Sane
1178 1805 1235 1863 tot
1262 1803 1408 1886 tumque
1424 1783 1588 1878 diverso,

141 1909 221 2063 ἕως
243 1909 263 1960 o
282 1883 395 1962 variis
415 1885 595 1963 historicis
614 1887 878 1988 proferuntur,
899 1889 966 1966 srrrc
984 1888 1045 1966 vin
1063 1887 1201 1989 optime
1219 1885 1410 1964 conciliari
1428 1879 1587 1988 possunt,

200 1985 468 2085 exBiogrnphis
489 1989 524 2064 S.
546 1989 737 2067 Adcsberti
758 1993 909 2096 aliisque
926 1987 1110 2068 veteribus
1130 1988 1166 2064 in
1186 2011 1348 2089 magnam
1369 1987 1587 2087 lucemprae-

139 2105 196 2165 ter
217 2109 358 2165 omnem
378 2086 454 2163 vim
472 2087 626 2167 historie
647 2109 707 2168 out
725 2090 978 2192 chronologiae
996 2091 1127 2166 issaram
1147 2088 1390 2168 vindicantur.
1457 2087 1527 2165 Sed
1543 2104 1587 2166 ut

137 2189 280 2288 reliquo
296 2188 340 2264 de
360 2187 490 2264 eodem
510 2189 602 2266 Toto
624 2193 876 2270 oThuroczio
895 2190 1041 2293 prodito
1058 2187 1343 2292 proseqrmmur:
1370 2187 1456 2268 Fuit
1471 2189 1585 2288 Prpos

136 2289 247 2368 Rodlo
266 2287 381 2403 adhuc
401 2313 495 2366 onno
513 2289 711 2390 presente,
732 2319 805 2472 (ppo
823 2297 856 2372 S.
867 2293 1105 2371 Adolbertum
1124 2295 1239 2371 Rome
1259 2288 1440 2381 deseruit,
1461 2291 1584 2368 ordine

142 2393 297 2470 Clericus
314 2389 330 2488 s
345 2389 385 2466 rd
410 2389 461 2466 est
479 2391 619 2469 ordinis
640 2394 741 2472 eccle
768 2395 889 2486 rustici,
913 2417 982 2472 nec
1004 2393 1166 2470 dubitare
1195 2393 1283 2470 licet
1295 2392 1367 2489 jorn
1386 2394 1585 2492 presbyte-

135 2513 218 2570 rum
237 2483 362 2588 fuisse)
381 2507 424 2566 ut
442 2491 605 2590 prorsum
634 2517 709 2572 non
735 2513 919 2598 repugnet
947 2516 1028 2571 eurn
1050 2495 1289 2590 flondotorem
1315 2493 1360 2570 ss
1368 2510 1815 2595 paratorernnus’rrsmmt„

137 2593 159 2700 (
169 2589 267 2687 idjest
285 2597 566 2695 exornatorem)
573 2597 680 2694 foisse
697 2598 893 2692 monosterii
910 2595 953 2671 de
981 2595 1097 2684 Toto,
1118 2591 1414 2695 quemadmodum
1434 2593 1580 2672 Thuro·
1592 2593 1706 2679 Gsodsrr.
1747 2623 1811 2667 or·

136 2694 236 2770 czius
256 2690 293 2767 so
320 2690 429 2768 uitur.
481 2693 521 2769 sd
541 2696 637 2773 enirn
655 2693 718 2774 seo
737 2693 783 2774 err
801 2693 1019 2796 patrimonio
1040 2693 1125 2786 siro,
1146 2692 1265 2772 senex
1285 2693 1451 2772 collessis
1470 2693 1507 2772 in
1519 2693 1713 2770 do-smwr·
1786 2729 1794 2738 -

133 2819 194 2873 mo
215 2713 368 2908 ditissimi
392 2793 560 2874 Ssnwnici
575 2798 689 2899 putris
709 2795 949 2886 §.Adnsberti
966 2795 1116 2896 opibus,
1142 2793 1206 2873 seu
1234 2795 1390 2896 denique
1409 2818 1455 2872 ex
1475 2794 1579 2872 donis

132 2899 168 2974 dt
197 2895 352 2996 praemirs
379 2913 450 2974 torn
478 2921 499 2972 o
524 2900 561 2980 S.
577 2899 800 2992 Adnlberro,
826 2921 930 3001 quom
951 2897 1067 2976 Geizn
1091 2919 1281 2998 uxoreque
1297 2897 1396 2974 illius
1415 2897 1575 2974 obtentis

130 2996 293 3100 pressure
310 2999 444 3096 potuit.
499 3001 670 3079 Ceterum
688 2994 876 3078 Bonfinius
889 3001 963 3078 hoc
983 2997 1231 3077 monasterium
1258 3000 1352 3075 Toto
1373 3000 1468 3077 houd
1488 2981 1809 3100 pmssmfioosnu.

131 3097 190 3174 cus
213 3097 380 3174 Danubio
399 3093 569 3192 obfirisse,
595 3123 802 3202 nomenque
821 3117 930 3180 vetus
950 3125 1029 3178 cunr
1048 3099 1233 3196 adjacente
1252 3063 1661 3178 vissoaevosuoro-Hd·
1673 3075 1808 3158 10p0169.

129 3191 276 3312 tinuisse
296 3193 441 3311 scribit,
461 3220 536 3298 quo
553 3201 637 3278 soco
654 3201 777 3303 posteo
794 3203 948 3280 Mothias
967 3200 1156 3281 Corvinus
1187 3201 1325 3302 regirm
1352 3199 1578 3304 magnificum

128 3321 211 3376 cum
234 3297 389 3380 urvnrris
407 3297 443 3376 dt
459 3299 542 3377 sucu
561 3303 753 3380 exstruxit.
814 3302 936 3380 Hodie
958 3323 1054 3379 vero
1072 3306 1092 3398 (
1109 3301 1164 3378 nti
1188 3303 1308 3380 adme
1327 3303 1397 3382 Vir
1416 3301 1578 3382 amicissi-

125 3419 207 3477 mus
225 3397 310 3476 mihi
330 3399 376 3485 R.
390 3397 430 3475 P.
440 3399 648 3480 Norbertus
683 3403 838 3481 Ordinis
855 3403 969 3482 nostri
994 3401 1159 3504 superior
1183 3399 1579 3504 Veszprimiensisper-

126 3497 290 3606 scripsit)
310 3499 369 3578 hic
386 3500 461 3578 soci
479 3525 549 3580 nec
564 3504 839 3596 monasterium,
857 3527 928 3582 nec
945 3503 1071 3582 titulus
1093 3502 1236 3604 quidem
1246 3505 1432 3605 Superstes
1450 3505 1576 3584 Abbo-

127 3603 221 3680 tiolis
242 3602 450 3703 dignitatis,
476 3601 537 3681 sed
565 3607 624 3684 SS.
657 3605 757 3684 Petri
780 3605 818 3682 dr
840 3603 939 3682 Pausi
959 3605 1223 3708 Propositum,
1250 3627 1355 3706 quom
1379 3623 1481 3682 tenet
1508 3605 1574 3686 Po·

126 3705 261 3780 rochus
280 3708 397 3805 rmpso
417 3706 589 3799 nomine,
615 3703 677 3784 sed
696 3706 761 3783 vix
780 3705 865 3783 ussis
882 3705 1024 3824 quidem
1043 3704 1257 3784 redditibus.
1330 3705 1470 3786 Hortus
1488 3702 1573 3784 fotr-

124 3803 219 3881 tibus
235 3802 395 3905 irriguus
412 3808 555 3886 veteris
573 3807 779 3886 monasterii
799 3831 873 3884 nou
889 3823 941 3886 rto
964 3808 1103 3909 pridem
1129 3803 1228 3884 cessit
1266 3805 1460 3886 Cessiffimae
1486 3807 1575 3891 ΕΓΖ·

123 3905 328 3984 tethtsinnae
346 3909 499 3988 Familiae
518 3909 800 4012 gratio,Scholis
816 3907 918 4002 Piis,
938 3933 1013 4009 quo
1036 3912 1122 3989 loco
1139 3909 1339 3988 eorundem
1356 3909 1566 4016 Principum

122 4003 368 4100 munificentie
383 4035 480 4096 nunc
499 4007 939 4113 summussos-Collegium
956 4012 1112 4130 Opdinis
1130 4011 1242 4090 nostri
1255 4008 1417 4115 assurgit.
