<?xml version="1.0" encoding="UTF-8"?>
<!DOCTYPE html PUBLIC "-//W3C//DTD XHTML 1.0 Transitional//EN"
    "http://www.w3.org/TR/xhtml1/DTD/xhtml1-transitional.dtd">
<html xmlns="http://www.w3.org/1999/xhtml" xml:lang="en" lang="en">
 <head>
  <title>
</title>
<meta http-equiv="Content-Type" content="text/html;charset=utf-8" />
  <meta name='ocr-system' content='tesseract 3.04.00' />
  <meta name='ocr-capabilities' content='ocr_page ocr_carea ocr_par ocr_line ocrx_word'/>
</head>
<body>
  <div class='ocr_page' id='page_1' title='image "./wenceslaihageka01libogoog_0525.png"; bbox 0 0 3832 4808; ppageno 0'>
   <div class='ocr_carea' id='block_1_1' title="bbox 668 321 1521 428">
    <p class='ocr_par' dir='ltr' id='par_1_1' title="bbox 668 321 1521 428">
     <span class='ocr_line' id='line_1_1' title="bbox 668 321 1521 428; baseline 0.005 -28"><span class='ocrx_word' id='word_1_1' title='bbox 668 321 908 408; x_wconf 78' lang='lat' dir='ltr'>Buttrtnr</span> <span class='ocrx_word' id='word_1_2' title='bbox 963 347 1020 412; x_wconf 81' lang='grc'>111.</span> <span class='ocrx_word' id='word_1_3' title='bbox 1080 347 1121 420; x_wconf 82' lang='grc'>4.</span> <span class='ocrx_word' id='word_1_4' title='bbox 1448 347 1521 428; x_wconf 83' lang='grc'>491</span> 
     </span>
    </p>
   </div>
   <div class='ocr_carea' id='block_1_2' title="bbox 16 456 1574 1994">
    <p class='ocr_par' dir='ltr' id='par_1_2' title="bbox 16 456 1574 1994">
     <span class='ocr_line' id='line_1_2' title="bbox 99 456 1574 608; baseline 0.001 -30"><span class='ocrx_word' id='word_1_5' title='bbox 99 456 246 608; x_wconf 82' lang='lat' dir='ltr'>plicio</span> <span class='ocrx_word' id='word_1_6' title='bbox 268 483 387 578; x_wconf 86' lang='lat' dir='ltr'>bnud</span> <span class='ocrx_word' id='word_1_7' title='bbox 408 485 588 584; x_wconf 84' lang='lat' dir='ltr'>muitum</span> <span class='ocrx_word' id='word_1_8' title='bbox 611 481 718 577; x_wconf 88' lang='lat' dir='ltr'>sese</span> <span class='ocrx_word' id='word_1_9' title='bbox 738 511 956 602; x_wconf 81' lang='lat' dir='ltr'>opponens</span> <span class='ocrx_word' id='word_1_10' title='bbox 982 493 1063 576; x_wconf 89' lang='lat' dir='ltr'>hoc</span> <span class='ocrx_word' id='word_1_11' title='bbox 1099 496 1227 576; x_wconf 91' lang='lat' dir='ltr'>unum</span> <span class='ocrx_word' id='word_1_12' title='bbox 1259 502 1375 578; x_wconf 78' lang='lat' dir='ltr'>ortt:</span> <span class='ocrx_word' id='word_1_13' title='bbox 1406 485 1574 594; x_wconf 81' lang='lat' dir='ltr'>veniam</span> 
     </span>
     <span class='ocr_line' id='line_1_3' title="bbox 16 611 1572 744; baseline -0.003 -22"><span class='ocrx_word' id='word_1_14' title='bbox 16 629 20 636; x_wconf 82' lang='grc'><strong>’</strong></span> <span class='ocrx_word' id='word_1_15' title='bbox 97 627 345 742; x_wconf 79' lang='lat' dir='ltr'>facerent,</span> <span class='ocrx_word' id='word_1_16' title='bbox 382 627 497 744; x_wconf 83' lang='lat' dir='ltr'>quod</span> <span class='ocrx_word' id='word_1_17' title='bbox 520 651 648 718; x_wconf 87' lang='lat' dir='ltr'>unum</span> <span class='ocrx_word' id='word_1_18' title='bbox 664 627 708 716; x_wconf 88' lang='lat' dir='ltr'>ei</span> <span class='ocrx_word' id='word_1_19' title='bbox 727 622 892 740; x_wconf 84' lang='lat' dir='ltr'><strong>semper</strong></span> <span class='ocrx_word' id='word_1_20' title='bbox 913 625 956 713; x_wconf 91' lang='lat' dir='ltr'>in</span> <span class='ocrx_word' id='word_1_21' title='bbox 976 611 1139 718; x_wconf 88' lang='lat' dir='ltr'>deliciis</span> <span class='ocrx_word' id='word_1_22' title='bbox 1168 621 1288 715; x_wconf 81' lang='lat' dir='ltr'>fuiffe</span> <span class='ocrx_word' id='word_1_23' title='bbox 1318 624 1479 740; x_wconf 82' lang='lat' dir='ltr'>ajebat,</span> <span class='ocrx_word' id='word_1_24' title='bbox 1505 627 1572 718; x_wconf 79' lang='lat' dir='ltr'>bis</span> 
     </span>
     <span class='ocr_line' id='line_1_4' title="bbox 95 759 1573 890; baseline -0.001 -30"><span class='ocrx_word' id='word_1_25' title='bbox 95 787 239 890; x_wconf 80' lang='lat' dir='ltr'>terve</span> <span class='ocrx_word' id='word_1_26' title='bbox 266 766 499 858; x_wconf 78' lang='lat' dir='ltr'>venatorio</span> <span class='ocrx_word' id='word_1_27' title='bbox 525 791 656 856; x_wconf 87' lang='lat' dir='ltr'>cornu</span> <span class='ocrx_word' id='word_1_28' title='bbox 666 762 740 854; x_wconf 80' lang='lat' dir='ltr'>suo</span> <span class='ocrx_word' id='word_1_29' title='bbox 760 761 803 854; x_wconf 87' lang='lat' dir='ltr'>se</span> <span class='ocrx_word' id='word_1_30' title='bbox 823 759 868 854; x_wconf 87' lang='lat' dir='ltr'>se</span> <span class='ocrx_word' id='word_1_31' title='bbox 889 763 940 852; x_wconf 83' lang='lat' dir='ltr'>ad</span> <span class='ocrx_word' id='word_1_32' title='bbox 967 761 1213 880; x_wconf 87' lang='lat' dir='ltr'>supplicium</span> <span class='ocrx_word' id='word_1_33' title='bbox 1245 763 1401 856; x_wconf 83' lang='lat' dir='ltr'>leuiter</span> <span class='ocrx_word' id='word_1_34' title='bbox 1433 762 1573 858; x_wconf 68' lang='lat' dir='ltr'>ferere</span> 
     </span>
     <span class='ocr_line' id='line_1_5' title="bbox 97 897 1571 1020; baseline -0.003 -20"><span class='ocrx_word' id='word_1_35' title='bbox 97 911 211 1002; x_wconf 82' lang='lat' dir='ltr'>duur</span> <span class='ocrx_word' id='word_1_36' title='bbox 236 906 447 998; x_wconf 81' lang='lat' dir='ltr'>animare.</span> <span class='ocrx_word' id='word_1_37' title='bbox 516 900 617 996; x_wconf 86' lang='lat' dir='ltr'>Risu</span> <span class='ocrx_word' id='word_1_38' title='bbox 646 902 845 1020; x_wconf 88' lang='lat' dir='ltr'>petitioni</span> <span class='ocrx_word' id='word_1_39' title='bbox 864 897 1136 1018; x_wconf 87' lang='lat' dir='ltr'>subscriptum</span> <span class='ocrx_word' id='word_1_40' title='bbox 1161 901 1213 992; x_wconf 82' lang='lat' dir='ltr'>ub</span> <span class='ocrx_word' id='word_1_41' title='bbox 1238 903 1449 994; x_wconf 84' lang='lat' dir='ltr'>omnibus.</span> <span class='ocrx_word' id='word_1_42' title='bbox 1477 899 1571 995; x_wconf 82' lang='lat' dir='ltr'>Vix</span> 
     </span>
     <span class='ocr_line' id='line_1_6' title="bbox 93 1036 1570 1168; baseline -0.003 -30"><span class='ocrx_word' id='word_1_43' title='bbox 93 1050 308 1168; x_wconf 87' lang='lat' dir='ltr'>primum</span> <span class='ocrx_word' id='word_1_44' title='bbox 345 1043 494 1134; x_wconf 89' lang='lat' dir='ltr'>tubulo</span> <span class='ocrx_word' id='word_1_45' title='bbox 520 1036 593 1132; x_wconf 87' lang='lat' dir='ltr'>suo</span> <span class='ocrx_word' id='word_1_46' title='bbox 621 1057 791 1134; x_wconf 83' lang='lat' dir='ltr'>cantum</span> <span class='ocrx_word' id='word_1_47' title='bbox 827 1042 959 1132; x_wconf 90' lang='lat' dir='ltr'>cienti</span> <span class='ocrx_word' id='word_1_48' title='bbox 989 1041 1179 1157; x_wconf 74' lang='lat' dir='ltr'>laqueus·</span> <span class='ocrx_word' id='word_1_49' title='bbox 1192 1041 1402 1155; x_wconf 84' lang='lat' dir='ltr'>injicitur,</span> <span class='ocrx_word' id='word_1_50' title='bbox 1449 1067 1570 1158; x_wconf 80' lang='lat' dir='ltr'>quet·</span> 
     </span>
     <span class='ocr_line' id='line_1_7' title="bbox 94 1175 1567 1310; baseline -0.006 -30"><span class='ocrx_word' id='word_1_51' title='bbox 94 1211 309 1303; x_wconf 88' lang='lat' dir='ltr'>cumque</span> <span class='ocrx_word' id='word_1_52' title='bbox 328 1179 548 1274; x_wconf 76' lang='lat' dir='ltr'>ascendere</span> <span class='ocrx_word' id='word_1_53' title='bbox 577 1181 764 1296; x_wconf 86' lang='lat' dir='ltr'>cogitur,</span> <span class='ocrx_word' id='word_1_54' title='bbox 786 1175 1027 1310; x_wconf 76' lang='lat' dir='ltr'>escendenti</span> <span class='ocrx_word' id='word_1_55' title='bbox 1060 1175 1325 1272; x_wconf 81' lang='lat' dir='ltr'>Wrffovecii</span> <span class='ocrx_word' id='word_1_56' title='bbox 1357 1203 1484 1298; x_wconf 88' lang='lat' dir='ltr'>opem</span> <span class='ocrx_word' id='word_1_57' title='bbox 1506 1179 1567 1272; x_wconf 85' lang='lat' dir='ltr'>fe·</span> 
     </span>
     <span class='ocr_line' id='line_1_8' title="bbox 95 1315 1568 1419; baseline -0.005 0"><span class='ocrx_word' id='word_1_58' title='bbox 95 1345 214 1419; x_wconf 85' lang='lat' dir='ltr'>runt</span> <span class='ocrx_word' id='word_1_59' title='bbox 243 1349 346 1414; x_wconf 86' lang='lat' dir='ltr'>curn</span> <span class='ocrx_word' id='word_1_60' title='bbox 370 1321 536 1415; x_wconf 88' lang='lat' dir='ltr'>monito</span> <span class='ocrx_word' id='word_1_61' title='bbox 558 1349 614 1415; x_wconf 88' lang='lat' dir='ltr'>ne</span> <span class='ocrx_word' id='word_1_62' title='bbox 635 1321 951 1416; x_wconf 80' lang='lat' dir='ltr'>buccinationes</span> <span class='ocrx_word' id='word_1_63' title='bbox 976 1315 1185 1413; x_wconf 76' lang='lat' dir='ltr'>concedes</span> <span class='ocrx_word' id='word_1_64' title='bbox 1217 1321 1413 1412; x_wconf 78' lang='lat' dir='ltr'>tardaret.</span> <span class='ocrx_word' id='word_1_65' title='bbox 1486 1315 1568 1412; x_wconf 76' lang='lat' dir='ltr'>Au</span> 
     </span>
     <span class='ocr_line' id='line_1_9' title="bbox 96 1456 1567 1577; baseline -0.005 -19"><span class='ocrx_word' id='word_1_66' title='bbox 96 1481 205 1558; x_wconf 86' lang='lat' dir='ltr'>tera</span> <span class='ocrx_word' id='word_1_67' title='bbox 237 1463 372 1577; x_wconf 86' lang='lat' dir='ltr'>igitur</span> <span class='ocrx_word' id='word_1_68' title='bbox 390 1460 565 1576; x_wconf 79' lang='lat' dir='ltr'>praessitn</span> <span class='ocrx_word' id='word_1_69' title='bbox 589 1463 641 1554; x_wconf 81' lang='lat' dir='ltr'>ad</span> <span class='ocrx_word' id='word_1_70' title='bbox 659 1478 919 1576; x_wconf 81' lang='lat' dir='ltr'>compatrem</span> <span class='ocrx_word' id='word_1_71' title='bbox 940 1456 1057 1552; x_wconf 88' lang='lat' dir='ltr'>suum</span> <span class='ocrx_word' id='word_1_72' title='bbox 1093 1459 1294 1577; x_wconf 88' lang='lat' dir='ltr'>fimulque</span> <span class='ocrx_word' id='word_1_73' title='bbox 1328 1459 1567 1552; x_wconf 79' lang='lat' dir='ltr'>carnificem</span> 
     </span>
     <span class='ocr_line' id='line_1_10' title="bbox 97 1594 1565 1716; baseline -0.005 -21"><span class='ocrx_word' id='word_1_74' title='bbox 97 1597 444 1696; x_wconf 83' lang='lat' dir='ltr'>Hrziweczium</span> <span class='ocrx_word' id='word_1_75' title='bbox 465 1597 605 1693; x_wconf 79' lang='lat' dir='ltr'>versus</span> <span class='ocrx_word' id='word_1_76' title='bbox 628 1600 770 1692; x_wconf 90' lang='lat' dir='ltr'>eidem</span> <span class='ocrx_word' id='word_1_77' title='bbox 789 1594 978 1716; x_wconf 80' lang='lat' dir='ltr'>supreme</span> <span class='ocrx_word' id='word_1_78' title='bbox 1002 1597 1221 1688; x_wconf 83' lang='lat' dir='ltr'>voluntate</span> <span class='ocrx_word' id='word_1_79' title='bbox 1239 1625 1418 1690; x_wconf 85' lang='lat' dir='ltr'>uxorem</span> <span class='ocrx_word' id='word_1_80' title='bbox 1442 1599 1485 1690; x_wconf 79' lang='lat' dir='ltr'>dr</span> <span class='ocrx_word' id='word_1_81' title='bbox 1519 1599 1565 1690; x_wconf 76' lang='lat' dir='ltr'>ti-</span> 
     </span>
     <span class='ocr_line' id='line_1_11' title="bbox 98 1728 1565 1839; baseline -0.006 0"><span class='ocrx_word' id='word_1_82' title='bbox 98 1743 247 1839; x_wconf 85' lang='lat' dir='ltr'>beros</span> <span class='ocrx_word' id='word_1_83' title='bbox 283 1736 565 1831; x_wconf 73' lang='lat' dir='ltr'>commendat.</span> <span class='ocrx_word' id='word_1_84' title='bbox 601 1728 643 1828; x_wconf 71' lang='grc' dir='ltr'>(ἱ)</span> <span class='ocrx_word' id='word_1_85' title='bbox 695 1734 847 1830; x_wconf 89' lang='lat' dir='ltr'>Altius</span> <span class='ocrx_word' id='word_1_86' title='bbox 877 1735 1117 1830; x_wconf 75' lang='lat' dir='ltr'>ascendenti</span> <span class='ocrx_word' id='word_1_87' title='bbox 1165 1738 1358 1830; x_wconf 80' lang='lat' dir='ltr'>inclamat</span> <span class='ocrx_word' id='word_1_88' title='bbox 1392 1735 1565 1830; x_wconf 80' lang='lat' dir='ltr'>Kucbnu</span> 
     </span>
     <span class='ocr_line' id='line_1_12' title="bbox 99 1866 1562 1994; baseline -0.01 -20"><span class='ocrx_word' id='word_1_89' title='bbox 99 1877 421 1974; x_wconf 80' lang='lat' dir='ltr'>Wrffovecius</span> <span class='ocrx_word' id='word_1_90' title='bbox 445 1878 636 1971; x_wconf 84' lang='lat' dir='ltr'>ediceret</span> <span class='ocrx_word' id='word_1_91' title='bbox 655 1905 754 1969; x_wconf 90' lang='lat' dir='ltr'>cum</span> <span class='ocrx_word' id='word_1_92' title='bbox 777 1877 959 1968; x_wconf 84' lang='lat' dir='ltr'>veritate</span> <span class='ocrx_word' id='word_1_93' title='bbox 974 1866 1000 1994; x_wconf 90' lang='lat'>(</span> <span class='ocrx_word' id='word_1_94' title='bbox 1018 1877 1090 1966; x_wconf 70' lang='lat' dir='ltr'>‘nist</span> <span class='ocrx_word' id='word_1_95' title='bbox 1108 1875 1291 1990; x_wconf 81' lang='lat' dir='ltr'>jaculum</span> <span class='ocrx_word' id='word_1_96' title='bbox 1326 1875 1441 1968; x_wconf 88' lang='lat' dir='ltr'>suurn</span> <span class='ocrx_word' id='word_1_97' title='bbox 1472 1906 1562 1968; x_wconf 78' lang='lat' dir='ltr'>con</span> 
     </span>
    </p>
   </div>
   <div class='ocr_carea' id='block_1_3' title="bbox 100 2004 1562 2416">
    <p class='ocr_par' dir='ltr' id='par_1_3' title="bbox 100 2004 1562 2416">
     <span class='ocr_line' id='line_1_13' title="bbox 100 2004 1562 2145; baseline -0.003 -35"><span class='ocrx_word' id='word_1_98' title='bbox 100 2049 224 2139; x_wconf 87' lang='lat' dir='ltr'>pore</span> <span class='ocrx_word' id='word_1_99' title='bbox 250 2019 395 2110; x_wconf 81' lang='lat' dir='ltr'>mullet</span> <span class='ocrx_word' id='word_1_100' title='bbox 426 2004 665 2145; x_wconf 84' lang='lat' dir='ltr'>excipere)</span> <span class='ocrx_word' id='word_1_101' title='bbox 696 2044 781 2135; x_wconf 90' lang='lat' dir='ltr'>quo</span> <span class='ocrx_word' id='word_1_102' title='bbox 812 2018 918 2106; x_wconf 82' lang='lat' dir='ltr'>haud</span> <span class='ocrx_word' id='word_1_103' title='bbox 949 2017 1085 2106; x_wconf 90' lang='lat' dir='ltr'>multo</span> <span class='ocrx_word' id='word_1_104' title='bbox 1118 2037 1216 2108; x_wconf 85' lang='lat' dir='ltr'>rute</span> <span class='ocrx_word' id='word_1_105' title='bbox 1238 2043 1349 2133; x_wconf 92' lang='lat' dir='ltr'>equo</span> <span class='ocrx_word' id='word_1_106' title='bbox 1366 2013 1562 2108; x_wconf 77' lang='lat' dir='ltr'>suoi&#39;esti··</span> 
     </span>
     <span class='ocr_line' id='line_1_14' title="bbox 100 2153 1558 2276; baseline -0.003 -24"><span class='ocrx_word' id='word_1_107' title='bbox 100 2157 277 2252; x_wconf 81' lang='lat' dir='ltr'>nass&#39;et?</span> <span class='ocrx_word' id='word_1_108' title='bbox 317 2155 504 2248; x_wconf 82' lang='lat' dir='ltr'>Howora</span> <span class='ocrx_word' id='word_1_109' title='bbox 532 2158 682 2276; x_wconf 89' lang='lat' dir='ltr'>quibus</span> <span class='ocrx_word' id='word_1_110' title='bbox 720 2156 878 2246; x_wconf 85' lang='lat' dir='ltr'>artibus</span> <span class='ocrx_word' id='word_1_111' title='bbox 904 2174 1069 2272; x_wconf 86' lang='lat' dir='ltr'>poterut</span> <span class='ocrx_word' id='word_1_112' title='bbox 1109 2153 1416 2248; x_wconf 80' lang='lat' dir='ltr'>festinationem</span> <span class='ocrx_word' id='word_1_113' title='bbox 1445 2153 1558 2253; x_wconf 82' lang='lat' dir='ltr'>suam</span> 
     </span>
     <span class='ocr_line' id='line_1_15' title="bbox 103 2279 1557 2416; baseline -0.004 -26"><span class='ocrx_word' id='word_1_114' title='bbox 103 2297 412 2416; x_wconf 81' lang='lat' dir='ltr'>perpurgabat.</span> <span class='ocrx_word' id='word_1_115' title='bbox 446 2279 496 2380; x_wconf 79' lang='lat' dir='ltr'>(k)</span> <span class='ocrx_word' id='word_1_116' title='bbox 531 2293 602 2387; x_wconf 84' lang='lat' dir='ltr'>At</span> <span class='ocrx_word' id='word_1_117' title='bbox 626 2324 729 2388; x_wconf 87' lang='lat' dir='ltr'>vero</span> <span class='ocrx_word' id='word_1_118' title='bbox 751 2297 871 2387; x_wconf 77' lang='lat' dir='ltr'>instat</span> <span class='ocrx_word' id='word_1_119' title='bbox 891 2293 1158 2411; x_wconf 74' lang='lat' dir='ltr'>Hrziwecz,</span> <span class='ocrx_word' id='word_1_120' title='bbox 1194 2316 1240 2386; x_wconf 93' lang='lat' dir='ltr'>ut</span> <span class='ocrx_word' id='word_1_121' title='bbox 1276 2295 1446 2390; x_wconf 79' lang='lat' dir='ltr'>tandem</span> <span class='ocrx_word' id='word_1_122' title='bbox 1474 2315 1557 2386; x_wconf 89' lang='lat' dir='ltr'>ter·</span> 
     </span>
    </p>
   </div>
   <div class='ocr_carea' id='block_1_4' title="bbox 25 2433 1789 4086">
    <p class='ocr_par' dir='ltr' id='par_1_4' title="bbox 44 2433 1789 2970">
     <span class='ocr_line' id='line_1_16' title="bbox 44 2433 1555 2551; baseline -0.003 -23"><span class='ocrx_word' id='word_1_123' title='bbox 44 2449 48 2457; x_wconf 83' lang='grc'><strong>’</strong></span> <span class='ocrx_word' id='word_1_124' title='bbox 105 2439 229 2528; x_wconf 91' lang='lat' dir='ltr'>tiuru</span> <span class='ocrx_word' id='word_1_125' title='bbox 253 2437 587 2551; x_wconf 86' lang='lat' dir='ltr'>postremumque</span> <span class='ocrx_word' id='word_1_126' title='bbox 607 2436 827 2542; x_wconf 85' lang='lat' dir='ltr'>buccinet,</span> <span class='ocrx_word' id='word_1_127' title='bbox 850 2461 1002 2527; x_wconf 86' lang='lat' dir='ltr'>uerum</span> <span class='ocrx_word' id='word_1_128' title='bbox 1026 2436 1328 2526; x_wconf 79' lang='lat' dir='ltr'>delibentores</span> <span class='ocrx_word' id='word_1_129' title='bbox 1361 2433 1455 2526; x_wconf 83' lang='lat' dir='ltr'>suos</span> <span class='ocrx_word' id='word_1_130' title='bbox 1478 2437 1555 2524; x_wconf 73' lang='lat' dir='ltr'>cir-</span> 
     </span>
     <span class='ocr_line' id='line_1_17' title="bbox 107 2569 1789 2691; baseline -0.004 -25"><span class='ocrx_word' id='word_1_131' title='bbox 107 2601 380 2690; x_wconf 80' lang='lat' dir='ltr'>cumquaque</span> <span class='ocrx_word' id='word_1_132' title='bbox 403 2577 624 2690; x_wconf 82' lang='lat' dir='ltr'>explorans</span> <span class='ocrx_word' id='word_1_133' title='bbox 646 2573 798 2666; x_wconf 83' lang='lat' dir='ltr'>infelix</span> <span class='ocrx_word' id='word_1_134' title='bbox 831 2576 1102 2666; x_wconf 79' lang='lat' dir='ltr'>venationum</span> <span class='ocrx_word' id='word_1_135' title='bbox 1127 2571 1348 2686; x_wconf 85' lang='lat' dir='ltr'>Ducalium</span> <span class='ocrx_word' id='word_1_136' title='bbox 1372 2569 1789 2691; x_wconf 55' lang='lat' dir='ltr'>Praefecnanuumn·</span> 
     </span>
     <span class='ocr_line' id='line_1_18' title="bbox 107 2667 1786 2848; baseline -0.004 -38"><span class='ocrx_word' id='word_1_137' title='bbox 107 2731 186 2810; x_wconf 87' lang='lat' dir='ltr'>tus</span> <span class='ocrx_word' id='word_1_138' title='bbox 208 2731 413 2848; x_wconf 84' lang='lat' dir='ltr'>perpetuo</span> <span class='ocrx_word' id='word_1_139' title='bbox 435 2713 614 2806; x_wconf 79' lang='lat' dir='ltr'>tardavit</span> <span class='ocrx_word' id='word_1_140' title='bbox 642 2740 855 2831; x_wconf 81' lang='lat' dir='ltr'>moreque</span> <span class='ocrx_word' id='word_1_141' title='bbox 884 2739 1044 2804; x_wconf 78' lang='lat' dir='ltr'>moram</span> <span class='ocrx_word' id='word_1_142' title='bbox 1080 2716 1234 2807; x_wconf 83' lang='lat' dir='ltr'>nexuit</span> <span class='ocrx_word' id='word_1_143' title='bbox 1254 2741 1340 2804; x_wconf 91' lang='lat' dir='ltr'>non</span> <span class='ocrx_word' id='word_1_144' title='bbox 1358 2667 1786 2840; x_wconf 49' lang='lat' dir='ltr'>ignotansii&#39;iifflrx</span> 
     </span>
     <span class='ocr_line' id='line_1_19' title="bbox 107 2849 1553 2970; baseline -0.003 -24"><span class='ocrx_word' id='word_1_145' title='bbox 107 2854 382 2946; x_wconf 72' lang='lat' dir='ltr'>cundatiuue</span> <span class='ocrx_word' id='word_1_146' title='bbox 405 2850 579 2945; x_wconf 84' lang='lat' dir='ltr'>salutem</span> <span class='ocrx_word' id='word_1_147' title='bbox 601 2851 712 2944; x_wconf 84' lang='lat' dir='ltr'>suum</span> <span class='ocrx_word' id='word_1_148' title='bbox 735 2849 1013 2970; x_wconf 79' lang='lat' dir='ltr'>Juromirique</span> <span class='ocrx_word' id='word_1_149' title='bbox 1036 2855 1245 2970; x_wconf 80' lang='lat' dir='ltr'>pendere3</span> <span class='ocrx_word' id='word_1_150' title='bbox 1277 2849 1350 2944; x_wconf 90' lang='lat' dir='ltr'>sub</span> <span class='ocrx_word' id='word_1_151' title='bbox 1377 2861 1464 2944; x_wconf 83' lang='lat' dir='ltr'>haec</span> <span class='ocrx_word' id='word_1_152' title='bbox 1484 2851 1553 2942; x_wconf 82' lang='lat' dir='ltr'>ad·</span> 
     </span>
    </p>

    <p class='ocr_par' dir='ltr' id='par_1_5' title="bbox 104 2986 1552 3108">
     <span class='ocr_line' id='line_1_20' title="bbox 104 2986 1552 3108; baseline -0.001 -22"><span class='ocrx_word' id='word_1_153' title='bbox 104 2993 207 3086; x_wconf 87' lang='lat' dir='ltr'>sunt</span> <span class='ocrx_word' id='word_1_154' title='bbox 227 2994 416 3084; x_wconf 86' lang='lat' dir='ltr'>buccinae</span> <span class='ocrx_word' id='word_1_155' title='bbox 434 2991 616 3086; x_wconf 88' lang='lat' dir='ltr'>sonitum</span> <span class='ocrx_word' id='word_1_156' title='bbox 638 2989 1081 3108; x_wconf 72' lang='lat' dir='ltr'>insecutiPrugenseS,</span> <span class='ocrx_word' id='word_1_157' title='bbox 1101 2991 1251 3084; x_wconf 86' lang='lat' dir='ltr'>insultu</span> <span class='ocrx_word' id='word_1_158' title='bbox 1264 2994 1308 3084; x_wconf 90' lang='lat' dir='ltr'>iu</span> <span class='ocrx_word' id='word_1_159' title='bbox 1331 2986 1552 3084; x_wconf 79' lang='lat' dir='ltr'>Wriiove·</span> 
     </span>
    </p>

    <p class='ocr_par' dir='ltr' id='par_1_6' title="bbox 108 3131 1548 3248">
     <span class='ocr_line' id='line_1_21' title="bbox 108 3131 1548 3248; baseline -0.001 -22"><span class='ocrx_word' id='word_1_160' title='bbox 108 3133 205 3226; x_wconf 88' lang='lat' dir='ltr'>cios</span> <span class='ocrx_word' id='word_1_161' title='bbox 228 3131 339 3224; x_wconf 78' lang='lat' dir='ltr'>sudio</span> <span class='ocrx_word' id='word_1_162' title='bbox 360 3131 599 3248; x_wconf 83' lang='lat' dir='ltr'>dispergunt</span> <span class='ocrx_word' id='word_1_163' title='bbox 619 3133 809 3224; x_wconf 86' lang='lat' dir='ltr'>hostilem</span> <span class='ocrx_word' id='word_1_164' title='bbox 828 3159 997 3224; x_wconf 80' lang='lat' dir='ltr'>uranum</span> <span class='ocrx_word' id='word_1_165' title='bbox 1028 3137 1161 3248; x_wconf 84' lang='lat' dir='ltr'>captis</span> <span class='ocrx_word' id='word_1_166' title='bbox 1192 3161 1367 3224; x_wconf 88' lang='lat' dir='ltr'>numero</span> <span class='ocrx_word' id='word_1_167' title='bbox 1409 3133 1548 3225; x_wconf 84' lang='lat' dir='ltr'>trede·</span> 
     </span>
    </p>

    <p class='ocr_par' dir='ltr' id='par_1_7' title="bbox 108 3235 1717 3410">
     <span class='ocr_line' id='line_1_22' title="bbox 108 3235 1717 3410; baseline -0.002 -47"><span class='ocrx_word' id='word_1_168' title='bbox 108 3273 222 3383; x_wconf 88' lang='lat' dir='ltr'>cim,</span> <span class='ocrx_word' id='word_1_169' title='bbox 253 3268 439 3386; x_wconf 85' lang='lat' dir='ltr'>reliquos</span> <span class='ocrx_word' id='word_1_170' title='bbox 470 3274 646 3387; x_wconf 84' lang='lat' dir='ltr'>vestigio</span> <span class='ocrx_word' id='word_1_171' title='bbox 666 3270 980 3388; x_wconf 77' lang='lat' dir='ltr'>persequuntur.</span> <span class='ocrx_word' id='word_1_172' title='bbox 1050 3269 1346 3364; x_wconf 87' lang='lat' dir='ltr'>Hrziweczius</span> <span class='ocrx_word' id='word_1_173' title='bbox 1370 3235 1717 3410; x_wconf 53' lang='lat' dir='ltr'>constet-fflffl</span> 
     </span>
    </p>

    <p class='ocr_par' dir='ltr' id='par_1_8' title="bbox 25 3409 1780 3947">
     <span class='ocr_line' id='line_1_23' title="bbox 25 3409 1780 3558; baseline -0.006 -54"><span class='ocrx_word' id='word_1_174' title='bbox 25 3514 29 3526; x_wconf 55' lang='grc'>,</span> <span class='ocrx_word' id='word_1_175' title='bbox 107 3411 282 3504; x_wconf 83' lang='lat' dir='ltr'>natione</span> <span class='ocrx_word' id='word_1_176' title='bbox 305 3433 331 3500; x_wconf 90' lang='lat' dir='ltr'>e</span> <span class='ocrx_word' id='word_1_177' title='bbox 354 3435 512 3527; x_wconf 90' lang='lat' dir='ltr'>quercu</span> <span class='ocrx_word' id='word_1_178' title='bbox 529 3437 715 3527; x_wconf 76' lang='lat' dir='ltr'>preceps</span> <span class='ocrx_word' id='word_1_179' title='bbox 734 3410 888 3527; x_wconf 80' lang='lat' dir='ltr'>inpius,</span> <span class='ocrx_word' id='word_1_180' title='bbox 916 3440 1011 3504; x_wconf 88' lang='lat' dir='ltr'>crus</span> <span class='ocrx_word' id='word_1_181' title='bbox 1031 3411 1186 3525; x_wconf 85' lang='lat' dir='ltr'>fregit,</span> <span class='ocrx_word' id='word_1_182' title='bbox 1209 3439 1335 3538; x_wconf 87' lang='lat' dir='ltr'>quem</span> <span class='ocrx_word' id='word_1_183' title='bbox 1360 3435 1457 3500; x_wconf 89' lang='lat' dir='ltr'>curu</span> <span class='ocrx_word' id='word_1_184' title='bbox 1478 3409 1670 3558; x_wconf 45' lang='lat' dir='ltr'>ww</span> <span class='ocrx_word' id='word_1_185' title='bbox 1690 3411 1780 3494; x_wconf 59' lang='grc' dir='ltr'>ἵν*</span> 
     </span>
     <span class='ocr_line' id='line_1_24' title="bbox 105 3538 1657 3668; baseline -0.003 -25"><span class='ocrx_word' id='word_1_186' title='bbox 105 3551 221 3646; x_wconf 84' lang='lat' dir='ltr'>ferre</span> <span class='ocrx_word' id='word_1_187' title='bbox 242 3545 414 3662; x_wconf 74' lang='lat' dir='ltr'>Pergam</span> <span class='ocrx_word' id='word_1_188' title='bbox 437 3551 542 3640; x_wconf 83' lang='lat' dir='ltr'>haud</span> <span class='ocrx_word' id='word_1_189' title='bbox 566 3551 777 3642; x_wconf 84' lang='lat' dir='ltr'>valerent:</span> <span class='ocrx_word' id='word_1_190' title='bbox 800 3551 1097 3668; x_wconf 76' lang='lat' dir='ltr'>persuadebant</span> <span class='ocrx_word' id='word_1_191' title='bbox 1113 3549 1342 3664; x_wconf 80' lang='lat' dir='ltr'>Howorae‚</span> <span class='ocrx_word' id='word_1_192' title='bbox 1364 3567 1412 3640; x_wconf 90' lang='lat' dir='ltr'>ut</span> <span class='ocrx_word' id='word_1_193' title='bbox 1433 3573 1548 3639; x_wconf 88' lang='lat' dir='ltr'>com·</span> <span class='ocrx_word' id='word_1_194' title='bbox 1646 3538 1657 3565; x_wconf 82' lang='grc'><strong><em>’</em></strong></span> 
     </span>
     <span class='ocr_line' id='line_1_25' title="bbox 107 3684 1547 3808; baseline -0.002 -26"><span class='ocrx_word' id='word_1_195' title='bbox 107 3693 218 3808; x_wconf 87' lang='lat' dir='ltr'>putri</span> <span class='ocrx_word' id='word_1_196' title='bbox 239 3689 310 3782; x_wconf 80' lang='lat' dir='ltr'>ibo</span> <span class='ocrx_word' id='word_1_197' title='bbox 336 3691 451 3779; x_wconf 88' lang='lat' dir='ltr'>idem</span> <span class='ocrx_word' id='word_1_198' title='bbox 487 3689 739 3782; x_wconf 79' lang='lat' dir='ltr'>beneficium</span> <span class='ocrx_word' id='word_1_199' title='bbox 769 3693 1060 3806; x_wconf 83' lang='lat' dir='ltr'>impenderet,</span> <span class='ocrx_word' id='word_1_200' title='bbox 1096 3693 1210 3807; x_wconf 88' lang='lat' dir='ltr'>quud</span> <span class='ocrx_word' id='word_1_201' title='bbox 1241 3689 1316 3780; x_wconf 89' lang='lat' dir='ltr'>fibi</span> <span class='ocrx_word' id='word_1_202' title='bbox 1350 3684 1547 3780; x_wconf 85' lang='lat' dir='ltr'>conferre</span> 
     </span>
     <span class='ocr_line' id='line_1_26' title="bbox 105 3819 1545 3947; baseline 0.001 -29"><span class='ocrx_word' id='word_1_203' title='bbox 105 3829 411 3942; x_wconf 79' lang='lat' dir='ltr'>meditabatur3</span> <span class='ocrx_word' id='word_1_204' title='bbox 449 3831 590 3946; x_wconf 78' lang='lat' dir='ltr'>itaque</span> <span class='ocrx_word' id='word_1_205' title='bbox 614 3832 658 3919; x_wconf 90' lang='lat' dir='ltr'>in</span> <span class='ocrx_word' id='word_1_206' title='bbox 680 3830 827 3920; x_wconf 84' lang='lat' dir='ltr'>endem</span> <span class='ocrx_word' id='word_1_207' title='bbox 852 3857 1031 3947; x_wconf 87' lang='lat' dir='ltr'>quercu,</span> <span class='ocrx_word' id='word_1_208' title='bbox 1070 3853 1127 3920; x_wconf 86' lang='lat' dir='ltr'>ex</span> <span class='ocrx_word' id='word_1_209' title='bbox 1159 3857 1237 3947; x_wconf 81' lang='lat' dir='ltr'>qua</span> <span class='ocrx_word' id='word_1_210' title='bbox 1257 3827 1441 3945; x_wconf 87' lang='lat' dir='ltr'>pendere</span> <span class='ocrx_word' id='word_1_211' title='bbox 1458 3819 1545 3942; x_wconf 83' lang='lat' dir='ltr'>jam</span> 
     </span>
    </p>

    <p class='ocr_par' dir='ltr' id='par_1_9' title="bbox 101 3951 1778 4086">
     <span class='ocr_line' id='line_1_27' title="bbox 101 3951 1778 4086; baseline 0 -30"><span class='ocrx_word' id='word_1_212' title='bbox 101 3969 186 4086; x_wconf 78' lang='lat' dir='ltr'>jum</span> <span class='ocrx_word' id='word_1_213' title='bbox 212 3969 358 4057; x_wconf 85' lang='lat' dir='ltr'>debuit</span> <span class='ocrx_word' id='word_1_214' title='bbox 383 3967 571 4062; x_wconf 87' lang='lat' dir='ltr'>Howora</span> <span class='ocrx_word' id='word_1_215' title='bbox 593 3969 775 4061; x_wconf 85' lang='lat' dir='ltr'>carnifici</span> <span class='ocrx_word' id='word_1_216' title='bbox 802 3966 875 4060; x_wconf 86' lang='lat' dir='ltr'>suo</span> <span class='ocrx_word' id='word_1_217' title='bbox 914 3969 1000 4083; x_wconf 81' lang='lat' dir='ltr'>ipi&#39;e</span> <span class='ocrx_word' id='word_1_218' title='bbox 1021 3969 1157 4084; x_wconf 79' lang='lat' dir='ltr'>guium</span> <span class='ocrx_word' id='word_1_219' title='bbox 1182 3967 1325 4084; x_wconf 83' lang='lat' dir='ltr'>fregit.</span> <span class='ocrx_word' id='word_1_220' title='bbox 1373 3952 1422 4056; x_wconf 81' lang='lat' dir='ltr'>(l)</span> <span class='ocrx_word' id='word_1_221' title='bbox 1458 3963 1543 4056; x_wconf 82' lang='lat' dir='ltr'>Ko-</span> <span class='ocrx_word' id='word_1_222' title='bbox 1553 3951 1703 4020; x_wconf 43' lang='lat' dir='ltr'>&#39;&#39;stim“</span> <span class='ocrx_word' id='word_1_223' title='bbox 1736 3956 1778 4022; x_wconf 81' lang='lat'>&#39;¹⁰</span> 
     </span>
    </p>
   </div>
   <div class='ocr_carea' id='block_1_5' title="bbox 107 4042 1775 4232">
    <p class='ocr_par' dir='ltr' id='par_1_10' title="bbox 107 4042 1775 4232">
     <span class='ocr_line' id='line_1_28' title="bbox 107 4042 1775 4232; baseline -0.01 -26"><span class='ocrx_word' id='word_1_224' title='bbox 107 4118 262 4206; x_wconf 80' lang='lat' dir='ltr'>chunus</span> <span class='ocrx_word' id='word_1_225' title='bbox 288 4107 425 4200; x_wconf 81' lang='lat' dir='ltr'>omnis</span> <span class='ocrx_word' id='word_1_226' title='bbox 454 4107 623 4206; x_wconf 79' lang='lat' dir='ltr'>sceleris</span> <span class='ocrx_word' id='word_1_227' title='bbox 649 4117 796 4202; x_wconf 79' lang='lat' dir='ltr'>author</span> <span class='ocrx_word' id='word_1_228' title='bbox 824 4107 983 4225; x_wconf 83' lang='lat' dir='ltr'>elapsus</span> <span class='ocrx_word' id='word_1_229' title='bbox 1016 4109 1090 4204; x_wconf 88' lang='lat' dir='ltr'>sub</span> <span class='ocrx_word' id='word_1_230' title='bbox 1127 4129 1336 4232; x_wconf 78' lang='lat' dir='ltr'>prerupto</span> <span class='ocrx_word' id='word_1_231' title='bbox 1362 4105 1462 4200; x_wconf 83' lang='lat' dir='ltr'>saxo</span> <span class='ocrx_word' id='word_1_232' title='bbox 1498 4063 1616 4196; x_wconf 51' lang='lat' dir='ltr'>seinis</span> <span class='ocrx_word' id='word_1_233' title='bbox 1649 4042 1775 4128; x_wconf 54' lang='grc' dir='ltr'>’Μ</span> 
     </span>
    </p>
   </div>
   <div class='ocr_carea' id='block_1_6' title="bbox 738 4242 1478 4369">
    <p class='ocr_par' dir='ltr' id='par_1_11' title="bbox 738 4242 1478 4369">
     <span class='ocr_line' id='line_1_29' title="bbox 738 4242 1478 4369; baseline -0.019 -19"><span class='ocrx_word' id='word_1_234' title='bbox 738 4243 870 4369; x_wconf 75' lang='lat' dir='ltr'>Qqq</span> <span class='ocrx_word' id='word_1_235' title='bbox 907 4273 936 4341; x_wconf 82' lang='lat'><em>2</em></span> <span class='ocrx_word' id='word_1_236' title='bbox 1415 4242 1478 4336; x_wconf 74' lang='lat' dir='ltr'>fe</span> 
     </span>
    </p>
   </div>
   <div class='ocr_carea' id='block_1_7' title="bbox 0 0 1920 4808">
    <p class='ocr_par' dir='ltr' id='par_1_12' title="bbox 0 0 1920 4808">
     <span class='ocr_line' id='line_1_30' title="bbox 0 0 1920 4808; baseline 0 0"><span class='ocrx_word' id='word_1_237' title='bbox 0 0 1920 4808; x_wconf 95' lang='lat' dir='ltr'> </span> 
     </span>
    </p>
   </div>
  </div>
 </body>
</html>
