3900 4814
655 295 904 424 Bouasnnt
931 368 966 420 u.
1022 363 1085 442 32.
1452 361 1556 438 443³·

10 499 19 578 l
136 484 270 582 &Piri
282 479 568 563 intonantem.
625 481 930 577 Weleslarinus,
947 478 1011 586 qui
1028 483 1160 579 ,itidem
1190 483 1355 567 diversos
1383 485 1460 572 dies
1491 507 1580 562 con·
1620 510 1826 582 Weleslaarmn

132 571 343 666 sectationis
361 609 402 662 ac
420 584 741 665 inthronizationis
760 587 799 664 in
817 585 1028 667 authoribus
1044 581 1218 684 reperisse
1243 586 1416 675 videtur,
1446 608 1581 699 perpe·
1593 599 1623 656 ia
1643 595 1750 662 caleant.
1785 602 1825 664 ad

136 709 211 764 ram
226 686 350 763 Nonas
368 686 396 788 ‚J
399 685 476 762 unii
494 685 538 762 nd
553 685 773 764 electionem
794 687 891 765 illius
912 687 1043 776 traxit,
1072 687 1169 785 quod
1187 681 1351 762 sustineri
1361 685 1507 763 minime
1514 713 1582 788 po·
1597 681 1694 742 Nonas
1710 682 1801 760 Jonas

135 790 216 868 test.
267 787 418 866 Conslat
435 785 531 862 enim
551 809 599 862 ex
617 787 865 890 chronologia
888 785 989 886 Pagii
1005 785 1135 864 critice
1153 783 1293 876 erana,
1312 785 1491 864 Ottonem
1519 789 1582 870 lll.
1607 882 1609 890 Ι
1829 801 1835 812 “

132 887 202 984 jans
227 907 321 966 anuo
345 887 534 988 superiore
549 889 593 964 ad
615 887 906 990 compescendam
941 885 1140 965 Crescentii
1157 887 1192 964 dr
1210 885 1367 990 ,Joaunis
1387 887 1583 990 Antipapae

10 1039 14 1074 t
135 987 368 1088 tyrannidem
384 989 423 1062 iu
444 987 581 1064 ltaliam
624 985 805 1068 rosedlum
826 983 952 1080 fuisse,
971 987 1175 1087 ibidemque
1204 987 1244 1064 iu
1275 1009 1406 1064 annum
1435 987 1584 1066 tertium

136 1081 350 1192 perstitisse3
376 1087 439 1186 qui
459 1088 574 1189 igitur
593 1013 675 1166 seri
694 1083 889 1191 potuisset,
911 1105 953 1170 ut
972 1090 1070 1166 intra
1079 1088 1189 1167 unius
1197 1089 1326 1166 mensis
1344 1086 1492 1187 spatium
1505 1106 1586 1166 tan·

134 1207 211 1269 turn
228 1191 300 1266 iter
318 1187 500 1290 Thiddagi
518 1190 557 1264 in
578 1189 735 1281 ltaliam,
754 1189 987 1290 Imperatoris
1011 1189 1228 1292 exquisitio,
1245 1189 1420 1289 regalium
1431 1212 1586 1290 percep,

133 1291 189 1367 tio
201 1339 222 1380 ‚-
241 1287 377 1366 rursum
398 1291 538 1367 reditus
558 1292 788 1391 Mogontinm
806 1291 841 1367 dr
860 1287 1107 1382 consecratio,
1129 1290 1286 1393 denique
1303 1289 1424 1391 Pragae
1444 1291 1586 1374 inthro-

134 1390 274 1468 nizatio
296 1387 432 1467 absolvi
450 1385 634 1490 potuisset.
699 1393 791 1470 Qua
813 1391 986 1492 temporis
1004 1390 1249 1478 elucidatione
1270 1391 1372 1468 simul
1400 1389 1586 1469 evannescit

134 1491 197 1568 illa
214 1491 407 1567 haefitatio:
434 1491 498 1590 qui
516 1489 714 1584 acciderit,
743 1493 843 1593 quod
862 1491 1074 1592 Thiddagus
1099 1491 1171 1588 jam
1199 1513 1293 1570 anno
1321 1487 1420 1592 lapso
1440 1488 1587 1570 elesius

131 1593 288 1694 primunr-
306 1591 453 1668 ineunte
469 1591 575 1696 Julio
594 1593 666 1670 hoc
685 1617 781 1672 anno
791 1592 1074 1682 inthronizatus,
1092 1610 1153 1670 aut
1174 1611 1197 1688 5
1218 1591 1325 1770 1lunii
1353 1591 1584 1670 consecratus

132 1693 257 1774 suerit.
283 1697 373 1796 Cum
393 1693 489 1770 enim
504 1692 636 1792 legatis
660 1691 840 1772 bohemie
864 1717 944 1770 cum
961 1693 1211 1794 ·Thiddagoiu
1239 1694 1357 1771 taliam
1373 1695 1418 1774 ad
1426 1695 1585 1794 lupera·

96 1833 98 1842 ν
133 1813 252 1872 torem
269 1791 447 1892 proficisci
459 1787 650 1888 ¹necessum
670 1791 804 1884 suerit,
824 1789 929 1872 facile
939 1811 996 1872 tot
1014 1791 1166 1884 menses,
1185 1812 1365 1896 occupato
1386 1792 1583 1897 presertim

85 1951 93 1972 t
132 1894 212 1973 aliis
230 1893 389 1994 negotiis
409 1895 574 1982 Ottone,
595 1918 662 1972 nec
683 1897 744 1972 uni
765 1897 849 1972 loco
867 1895 1080 1982 inhaerente,
1101 1895 1234 1972 abliruti
1250 1915 1458 1994 putruerunt.
1484 1900 1584 1972 Con·

133 1997 200 2072 stat
218 2017 265 2070 ex
274 1995 480 2096 biographo
497 1999 531 2072 S.
544 1994 622 2070 Nili
641 1995 862 2096 Hegumeni,
872 1995 1036 2094 aliisque,
1052 1997 1232 2074 Ottonenr
1248 1997 1317 2074 hoc
1342 2018 1437 2074 auno
1455 1995 1582 2092 jamin

133 2095 420 2198 quadragesima,
448 2121 524 2198 que
547 2094 699 2174 t‘ecunda
717 2097 844 2182 Martii
860 2096 1000 2194 coepit,
1020 2099 1137 2174 Rome
1161 2089 1285 2186 fnisse,
1304 2097 1364 2172 ubi
1382 2093 1582 2174 verosimil-

130 2197 217 2276 lime
233 2195 443 2296 Thiddagus
460 2198 596 2296 regalia
619 2198 777 2299 accepit.
848 2197 931 2276 uui
959 2198 985 2276 si
1005 2200 1228 2298 temporibus
1256 2197 1331 2274 istis
1347 2199 1468 2290 Romae
1485 2194 1579 2286 suit,

160 2297 263 2376 rocul
280 2298 389 2386 dubio
406 2295 572 2374 interibit
597 2297 700 2375 isthic
718 2299 908 2387 Concilio,
936 2301 1034 2398 quod
1062 2297 1296 2399 presentibus
1334 2300 1479 2377 Ottone
1503 2297 1577 2386 Ill,
1651 2381 1653 2388 1

133 2322 443 2487 filtranrontamis,
466 2397 862 2498 Langobardorumque
882 2399 1042 2476 Ducibus
1073 2401 1106 2474 du
1139 2398 1329 2498 Episcopis
1357 2399 1577 2476 celebratum

131 2499 208 2586 est,
233 2497 266 2572 st
288 2496 327 2570 in
352 2520 428 2593 quo
447 2499 542 2572 inter
566 2519 691 2574 cetera
711 2501 816 2574 etiatu
834 2498 952 2574 actum
969 2500 1016 2574 de
1043 2497 1314 2575 resuscitatione
1342 2492 1574 2597 episcopatus
1585 2507 1721 2580 &luda
1735 2516 1757 2590 1.
1776 2517 1811 2606 7.·

133 2593 465 2695 Mersehorgensis,
478 2642 482 2653 ·
495 2593 598 2688 cujus
628 2597 774 2674 concilii
799 2597 955 2696 quedam
972 2597 1129 2700 capitula
1150 2597 1350 2675 recitantur
1368 2621 1388 2674 a
1403 2598 1809 2689 Rhodop-emansit·

128 2696 229 2777 Luca
248 2698 282 2774 d’
306 2699 464 2798 Achery
485 2695 575 2774 &in
584 2697 761 2776 conciliis
782 2696 993 2780 Germaniae.
1585 2679 1808 2852 ’ἕθῦίῖωόίέίξο

1588 2847 1687 2916 concil.
1705 2853 1807 2920 Germ,

240 2899 287 2976 Il.
315 2899 370 3015 De
390 2895 541 2976 Boleslai
558 2900 670 2978 nostri
692 2901 802 3003 gellis
819 2901 889 2978 hoc
905 2893 1319 3013 annonltumfilentinm.
1358 2889 1572 2976 Clarissimus
1588 2933 1625 3000 ῃ
1636 2933 1807 3023 nm·

24 3063 28 3076 .
133 2998 281 3102 quidem
301 3001 372 3077 Vir
390 3001 571 3101 Georgius
602 3001 703 3102 Pray
722 3002 902 3081 existimat
932 3007 1044 3082 verba
1072 2992 1135 3082 illa
1154 3002 1304 3079 Drtmari
1324 2999 1347 3080 l.
1359 3010 1393 3088 8.
1406 3023 1442 3100 p.
1452 3021 1538 3094 μς).
1560 3015 1807 3103 rotomnam

131 3099 273 3180 Habuit
282 3099 370 3214 dic(
383 3101 562 3180 Boleslaus
576 3110 593 3200 )
608 3105 784 3213 pandam
792 3101 912 3183 urbem
923 3108 960 3182 in
979 3102 1315 3205 confiniosuimet&
1322 3104 1572 3210 Hngariorum
1584 3101 1685 3169 Amal.
1707 3105 1807 3194 thing.

119 3206 263 3300 fitam,
290 3228 392 3308 cujus
410 3222 494 3280 erar
509 3207 617 3299 custos
633 3210 764 3286 statui
778 3207 901 3306 finiar
924 3207 1118 3312 auunculus
1137 3207 1245 3313 Regis
1272 3205 1441 3284 Panoniri
1468 3203 1575 3303 astris
1587 3188 1618 3252 Ρ·
1633 3187 1746 3277 ᾸΜ·

116 3297 260 3405 sedibus
283 3302 328 3380 ab
355 3302 471 3380 codem
487 3324 594 3382 autea
610 3307 790 3408 expuffias‘,
816 3309 878 3414 qai
900 3332 980 3385 conr
1018 3335 1166 3392 uxorem
1179 3313 1284 3410 fitam
1310 3339 1335 3385 a
1357 3306 1574 3408 captivitate
1712 3313 1750 3351 '¹

129 3429 199 3486 non
218 3403 329 3506 Μαι·
353 3400 545 3582 'mizi’
567 3414 742 3585 graraniga
760 3414 896 3583 nepftir
924 3412 983 3501 ui,
1002 3407 1573 3586 qrelurrsroisinirnricfflsczsteom

507 3530 684 3584 saurnno
716 3533 797 3586 rum
834 3533 880 3608 pe·
919 3531 1286 3609 are,'up1catuqu
1368 3585 1370 3587 ,

130 3533 178 3584 03⁴
195 3532 334 3584 muner?
355 3530 375 3581 Β
1465 3533 1509 3582 nsi
1531 3534 1573 3581 l·

131 3607 247 3716 squid
261 3634 442 3686 armorum
463 3635 539 3684 rum
561 3609 715 3687 Boleslao
734 3601 882 3688 Borean
900 3615 1074 3702 coslnsitii
1092 3612 1194 3712 catasta
1210 3611 1387 3704 interreffi
1405 3635 1436 3684 e.
1502 3605 1575 3684 Sed

19 3777 24 3784 .
130 3731 203 3788 non
224 3710 385 3786 advertit
405 3707 476 3786 Vir
496 3707 727 3803 doslissnnus,
740 3713 899 3788 [litmaro
916 3714 987 3788 hoc
1004 3715 1087 3788 loco
1100 3713 1243 3789 rniairne
1260 3712 1306 3786 de
1324 3707 1488 3788 Bolcslao
1506 3729 1575 3784 no·

129 3809 224 3898 stro,
246 3804 306 3884 sed
325 3809 463 3888 Polono
484 3809 680 3890 l'ernronenr
701 3811 795 3901 elle,
816 3815 861 3890 de
884 3811 985 3906 cujus
1012 3813 1112 3912 pacis
1133 3812 1400 3890 conditionibus
1426 3805 1574 3886 Budiffi·

129 3933 181 3988 ne
210 3929 304 3986 anno
325 3925 419 4000 1018
452 3937 532 3990 cum
564 3915 784 4016 inperatore
811 3912 932 4004 initis,
961 3911 1098 4014 nuptiis
1122 3937 1202 3992 curn
1232 3912 1316 3992 Oda
1347 3909 1573 3989 Manthionis

128 4009 319 4092 Mil'nensrs
331 4010 401 4089 lilia
411 4015 507 4094 Zizae
517 4015 728 4106 celebrarit,
745 4014 903 4116 legibus
914 4013 1197 4116 cerimoniisque
1209 4015 1428 4092 Polonorurn
1438 4011 1570 4092 librum

117 4105 407 4192 suumoslarum
428 4114 578 4195 exorsus
591 4139 679 4200 erat.
729 4117 798 4194 ‘lta
818 4119 844 4193 sr
864 4116 949 4216 quid
969 4137 1145 4194 armorum
1167 4116 1345 4194 collimitii
1370 4113 1470 4194 causa
1488 4117 1569 4190 Ste-

13 4309 18 4324 ,
128 4211 1194 4402 ρὴειιᾳίιιιθκεῠῐε,ἰὼιάΒοΙεεΙειιιιιΙέἓιέηὲιηΐρεᾶινεεὶῑ
1205 4219 1268 4316 ,in
1287 4215 1568 4396 cujuslimfflgm
