3954 4802
427 322 498 417 178
576 427 580 435 ι
876 302 881 310 ’
977 315 1154 395 Auuos
1186 312 1274 418 968.

45 527 51 536 ·
199 473 554 626 urtuurpnbnguae
581 470 747 589 slavicae
767 472 916 590 peritia
939 455 991 558 (lp
1013 479 1284 593 probaretur,
1314 469 1508 564 universo
1543 469 1672 566 Clero
1710 497 1838 589 popu·

94 627 95 630 ‘
165 567 396 736 feilllllngtll}
405 614 531 730 loque
553 615 681 704 novis·
696 614 837 706 insulis
858 613 1110 728 dignissimus
1130 615 1448 708 commendatus
1470 615 1541 704 est.
1615 601 1855 737 Conventu
1889 731 1897 742 .

289 827 301 835 .
404 755 519 870 inito
535 755 723 843 omnium
758 783 837 844 una
877 783 967 872 vox
998 753 1321 870 suffragiumque
1356 771 1446 844 erut
1467 750 1698 871 Ditmurus.
1777 737 1843 835 (c)

395 890 601 984 'Munitus
624 893 765 1012 itaque
789 889 920 984 literis
949 895 1127 1011 publicis
1150 896 1200 984 ad
1222 893 1432 984 Ottonem
1462 889 1667 982 Caesurem
1702 890 1844 990 missus
1955 941 1960 950 ·

405 1035 489 1146 est,
528 1053 574 1129 ut
596 1034 769 1144 baculu,
801 1013 1038 1150 annuloque
1071 1033 1349 1126 investiretur.
1385 1017 1458 1122 (A)
1519 1029 1758 1122 Literarum
1782 1054 1847 1124 te·

403 1163 482 1261 nor
502 1171 538 1262 is
563 1191 671 1264 erat:
709 1167 1061 1289 AugusteCresar,
1082 1173 1295 1264 Christiani
1322 1169 1471 1288 populi
1489 1168 1661 1280 Auctor
1687 1167 1847 1264 Defen-

404 1309 554 1426 sorque
579 1309 784 1428 supreme.
856 1307 1095 1430 Ditrunrunr
1128 1313 1265 1404 virum
1298 1340 1320 1398 a
1343 1311 1555 1427 probitate
1574 1306 1847 1428 dodirinaque

404 1445 737 1566 spedlatiflimum
761 1450 948 1541 universa
971 1449 1254 1543 Bohemorum
1278 1477 1382 1564 gens
1406 1453 1614 1570 ‚pastorem
1639 1449 1713 1538 srbi
1734 1451 1845 1540 dele·

254 1661 258 1670 .
404 1590 506 1704 git,
541 1617 666 1707 quem
695 1591 762 1679 bic
783 1590 864 1682 tibi
878 1619 1017 1680 cornnr
1042 1593 1162 1706 sistit,
1198 1593 1324 1707 atque
1347 1585 1520 1705 supplex
1538 1589 1688 1705 bt,.ut
1709 1590 1854 1680 auclo-
1962 1595 1963 1666 3

404 1730 555 1842 ritate,
572 1757 652 1854 qua
673 1730 829 1846 polles,
852 1725 1105 1846 Episcopum
1139 1728 1333 1844 suffragio
1356 1755 1523 1846 quoque
1558 1749 1640 1841 tuo,
1659 1729 1845 1845 probes,
1961 1779 1963 1810 2

271 1903 273 1908 ’
335 1933 348 1942 -
406 1866 898 1986 consecmriquejube‘as.
941 1859 995 1956 (θ)
1042 1871 1170 1986 Cepit
1200 1897 1304 1962 vero
1327 1895 1430 1967 mox
1452 1872 1589 1984 primo
1621 1867 1847 1984 conspedlu

405 2005 621 2134 Celerem
635 2006 702 2097 sua
719 2035 883 2099 morum
908 2011 1192 2100 concinnitate
1213 2002 1431 2100 Ditmurus
1449 2009 1555 2097 baud
1577 2004 1694 2095 secus
1715 1991 1846 2122 utque

407 2168 530 2238 antea
550 2144 816 2258 Boleslaurn,
842 2139 1163 2266 convocatoque
1183 2143 1405 2240 Praesulum
1431 2149 1685 2262 aliorumque
1709 2141 1851 2258 lmpe·
1961 2139 1963 2210 l

407 2287 460 2376 rii
473 2284 716 2403 ‘Principum
730 2287 1074 2404 concili0,statuit
1096 2317 1121 2379 e
1144 2317 1190 2378 re
1210 2289 1431 2378 Christiane
1450 2283 1558 2399 elle,
1582 2303 1630 2374 ut
1649 2283 1844 2400 proprius
1958 2241 1963 2352 l

392 2429 529 2541 -genti
550 2427 595 2516 in
616 2421 762 2516 Christi
786 2423 909 2516 sacris
939 2430 1114 2538 novitiae
1151 2425 1383 2545 Episcopus
1417 2427 1715 2540 dr.retur,·quo
1739 2423 1850 2512 duce
1961 2423 1963 2440 '

407 2566 560 2680 majoru
581 2566 624 2655 in
643 2566 733 2658 dies¹
756 2563 925 2684 cuperet
937 2567 1209 2663 incrementa.
1281 2563 1439 2679 Jullum
1463 2562 1603 2683 ita'que
1625 2560 1851 2681 Archiepi·

298 2733 302 2738 ·
409 2703 535 2822 scopo
555 2703 841 2821 Mogontino,
864 2725 911 2796 ut
935 2705 1257 2834 consecraretur.
1289 2691 1362 2792 ss)
1398 2702 1568 2805 Peracta
1591 2704 1844 2815 cerimonia,

408 2846 542 2962 coepit
559 2841 798 2935 Ditnrorum
822 2846 974 2936 hortari
992 2845 1204 2939 Caesar.ad
1228 2845 1450 2958 diligenter
1479 2845 1723 2934 obeundum
1756 2869 1848 2930 nru-

361 3043 363 3049 ι
396 3015 502 3101 nun,
523 3013 607 3075 non
640 2984 902 3098 indigentem
923 2986 973 3074 iis
997 2985 1224 3077 uerborum
1247 2979 1453 3098 stimulis,
1480 3009 1607 3101 quem
1630 2981 1699 3072 sua
1722 2981 1844 3099 ipsrus

409 3125 572 3239 virtue,
603 3123 647 3214 dc
675 3113 819 3215 alienae
850 3121 991 3216 salutis
1032 3123 1217 3242 susceptu
1246 3153 1342 3215 curu
1377 3121 1508 3216 officii
1542 3121 1845 3249 commonebat

410 3281 495 3354 turn
534 3263 710 3378 acriter,
730 3283 780 3355 ut
797 3293 892 3354 curn
928 3265 1107 3382 priunum
1127 3262 1270 3380 Pragae
1290 3263 1341 3356 ud
1368 3291 1480 3356 arorn
1507 3260 1613 3356 Divi
1630 3260 1726 3356 Viti
1746 3255 1846 3376 Epi·
1909 3359 1916 3366 ,

410 3402 559 3522 scopus
580 3398 795 3494 Bohemiu.
823 3403 1020 3497 salutatus
1040 3399 1162 3524 (posi
1183 3405 1447 3496 decantatum
1463 3402 1493 3494 'a
1519 3405 1644 3494 Cleru
1671 3401 1843 3518 quidem

411 3541 746 3652 Ambrosianum
758 3540 1093 3658 Eumolpum,
1112 3575 1149 3636 ἀ
1171 3547 1328 3662 populo
1348 3572 1453 3638 vero
1470 3542 1660 3634 solemne
1672 3540 1845 3628 iistem-

402 3687 582 3802 poribus
615 3687 887 3778 verruculum
923 3683 1141 3778 Kirlescbu
1163 3681 1389 3778 Kirlescbu
1410 3671 1472 3780 lg)
1494 3675 1681 3810 Alleluia
1704 3670 1734 3806 )
1767 3677 1847 3769 clu·

110 3883 114 3890 -
240 3832 246 3844 “
392 3851 513 3916 *vum
535 3823 624 3939 ejus
655 3821 852 3918 Ecclefiae
879 3827 1181 3918 moderandum
1207 3821 1413 3944 suscepit,
1441 3823 1546 3916 nulli
1564 3822 1848 3936 nuolestiaepe·

410 3965 621 4080 percont,
642 3967 803 4070 nullum
824 3961 1124 4081 subterfugerit
1152 3968 1418 4086 periculum,
1448 3991 1535 4090 quo
1563 3965 1703 4056 minus
1732 3961 1848 4076 plura

371 4181 373 4188 Α
402 4091 636 4198 ‘exedendo
666 4093 1220 4228 &conkmundo'templa‚
1253 4103 1513 4200 discursando
1545 4131 1622 4223 per
1650 4127 1781 4221 pagos
1805 4101 1851 4192 dr

505 4329 509 4334 .
1384 4312 1411 4326 .,
1705 4267 1779 4360 op.
