3900 4814
679 295 916 424 uouerat
948 365 1002 424 ur·
1058 363 1092 418 1·
1485 353 1564 446 4'47

141 523 213 599 tus
242 502 437 594 admirata
458 491 512 595 fit,
531 503 773 620 posteritas,
799 485 1105 622 cognoscantque
1126 501 1254 596 etiarn
1284 502 1409 596 hodie
1422 573 1435 618 ‚
1457 496 1587 594 Davi·
1696 557 1704 566 ,

143 644 649 757 denunciantium,
676 673 799 762 quom
818 643 1022 738 Samuelis
1048 645 1165 742 votis
1196 646 1240 736 dr
1273 645 1586 760 precationibus

142 785 365 902 imperium
386 785 436 876 ad
461 781 616 874 summa
639 781 842 876 evexisse.
926 783 1045 876 Scito
1070 783 1154 897 jam
1188 786 1384 906 primum,
1408 783 1466 872 lili
1502 781 1587 873 sua-

142 921 318 1041 nisime,
329 943 470 1017 totum
493 951 562 1014 rue
585 925 744 1016 debere
768 923 921 1015 diuinae
944 923 1254 1015 benevolentiae
1277 920 1587 1014 misericordia·

141 1091 247 1184 que,
272 1059 487 1184 quidquid
505 1065 547 1154 in
571 1073 674 1154 hanc
706 1061 835 1181 usque
866 1061 999 1154 seram
1023 1083 1217 1178 aetatem,
1245 1061 1461 1180 ipsumque
1490 1089 1586 1176 ago-
1665 1067 1666 1072 '

141 1211 241 1294 nem
266 1233 288 1292 a
321 1229 392 1296 me
416 1201 610 1320 prospere
639 1230 715 1319 per
738 1205 905 1320 imperii
929 1205 1016 1294 mei
1044 1204 1134 1294 dies
1160 1203 1297 1294 adium
1316 1207 1387 1294 est.
1471 1197 1588 1294 Prin·

9 1365 14 1373 ·
144 1346 328 1458 cipatum
350 1352 458 1433 hunc
480 1368 621 1432 meum
640 1342 726 1454 jam
750 1371 918 1460 quoque
945 1363 1140 1461 tanquam
1165 1343 1354 1435 divinum
1375 1342 1587 1460 quoddam
1629 1461 1635 1472 ¹

144 1507 295 1571 urunus
317 1509 343 1590 e
371 1483 561 1572 manibus
588 1484 694 1572 rucis
718 1475 888 1600 accipe,
911 1511 1035 1602 quern
1060 1513 1155 1574 cum
1183 1485 1262 1573 tibi
1292 1483 1511 1598 relinquo,
1541 1479 1605 1586 su·-

143 1623 232 1710 mul
249 1648 398 1712 omnes
424 1623 577 1712 divinae
604 1623 911 1724 benedictionis
936 1623 1133 1742 pacisque
1157 1622 1317 1715 fructus
1341 1624 1385 1712 in
1411 1639 1458 1712 te
1498 1646 1587 1711 nou

145 1759 263 1850 secus
285 1781 410 1878 atque
428 1763 671 1866 haereditate
695 1761 962 1890 transcriptos
996 1755 1147 1880 cupio(
1224 1763 1472 1880 Supremum
1497 1758 1586 1864 Nu.
1636 1871 1638 1878 Ι

144 1925 243 1989 men
266 1901 381 1991 srmul
403 1899 575 2019 supplex
601 1928 763 2016 exoro,
785 1923 835 1992 ut
854 1903 995 2016 gratiae
1015 1902 1095 1993 suae
1116 1901 1340 2020 profundas
1362 1903 1520 1991 radices
1541 1899 1588 1993 iu

141 2041 281 2130 animo
312 2057 389 2131 tuo
405 2039 559 2156 jaciat,
580 2069 671 2160 quae
695 2041 754 2130 fili
782 2041 854 2132 oisr
875 2044 955 2133 tibi
972 2071 1052 2132 una
1074 2043 1193 2132 instar
1210 2042 1316 2132 remi
1337 2041 1411 2153 srt,
1443 2041 1497 2130 de
1527 2035 1584 2128 saa
1643 2097 1645 2104 -

139 2179 229 2272 lute
253 2180 409 2293 navigii
432 2182 495 2273 tui
517 2183 821 2272 conclamatum
853 2185 925 2275 est.
1007 2181 1230 2302 Nunquam
1258 2181 1396 2273 animo
1414 2177 1586 2271 excidat

139 2317 343 2410 Divinum
364 2321 465 2410 illud
496 2317 692 2412 effatum:
733 2323 946 2412 Reliorem
979 2344 1021 2412 te
1038 2325 1281 2442 positarum,
1312 2325 1398 2414 noli
1422 2323 1584 2433 extolli,

122 2461 205 2571 sed
220 2460 296 2568 esto
329 2463 447 2574 qaaast
456 2489 561 2546 unus
584 2490 637 2547 ex
658 2465 736 2548 illis
818 2459 1042 2576 Nunquam
1065 2481 1112 2551 te
1136 2463 1291 2577 pluris,
1320 2463 1470 2579 quibus
1507 2459 1584 2547 ima

141 2623 262 2714 peras
275 2664 288 2708 ,
310 2617 431 2713 puta,
454 2598 698 2687 memineris
718 2601 761 2690 da
783 2599 1016 2688 nativitatis
1042 2601 1371 2716 &mortalitatis
1394 2598 1584 2688 omnium
1738 2701 1742 2718 .

136 2761 279 2853 parem
302 2731 383 2828 esse
404 2737 704 2829 conditionem.
778 2737 917 2853 Opera
936 2765 984 2827 ea
1008 2737 1588 2857 solunr.magnideputa,quaa

137 2879 317 2990 coelum,
339 2907 423 2968 non
448 2907 540 2997 quae
563 2879 741 2968 mundus
761 2907 909 2992 magna
940 2883 983 2970 &
1014 2880 1179 2970 illustria
1205 2881 1390 2972 aestimat.
1479 2875 1584 2971 Pro,

112 3109 114 3120 ,
139 3014 269 3108 sunde
291 3021 430 3108 animo
454 3038 530 3110 tuo
551 3041 745 3138 tanquam
772 3023 969 3110 marmori
994 3029 1082 3111 hec
1105 3049 1190 3110 non
1221 3023 1307 3110 tam
1333 3019 1493 3110 monitu
1515 3047 1584 3137 pa,

140 3157 232 3267 tris,
244 3185 367 3270 quarn
387 3179 594 3275 praccepta
618 3157 704 3250 Dei
733 3159 945 3276 insculpe:
983 3163 1085 3248 nihil
1106 3182 1193 3252 tam
1218 3161 1340 3273 vigili
1367 3161 1493 3252 oculo·
1523 3177 1582 3251 at,

138 3314 221 3414 que
244 3292 417 3386 sacratus
438 3295 535 3387 Deo
557 3299 668 3390 edes
691 3317 841 3412 tuere,
860 3299 1183 3418 quasliequeus
1219 3303 1357 3414 adire,
1401 3305 1443 3394 &
1467 3299 1583 3417 quod

137 3429 295 3553 populo
314 3453 390 3526 tuo
413 3439 612 3555 exemplo
649 3439 725 3551 fir,
747 3439 899 3533 iisdem
921 3441 1035 3530 cu'ru·
1054 3435 1218 3558 pietate
1242 3441 1455 3530 innnorarr
1443 3437 1582 3533 sem

136 3601 211 3692 per
234 3576 313 3667 tibi
350 3577 397 3668 fit
424 3577 594 3694 volupe.
669 3575 958 3672 Sacerdotium
974 3607 1100 3669 omne
1112 3581 1376 3669 veneratlom
1398 3581 1479 3670 trbr
1492 3583 1578 3724 esto

139 3717 333 3808 omnibus
362 3715 514 3810 officiis
549 3719 877 3836 percolendum,
912 3719 1029 3831 cujus
1063 3717 1347 3834 supremum
1335 3749 1377 3807 m
1410 3675 1580 3816 Ducutu

137 3873 215 3946 tuo
243 3849 521 3950 Advocatum
543 3887 628 3951 non
659 3857 747 3949 solo
768 3859 965 3974 nomine,
990 3856 1063 3949 sed
1094 3885 1140 3950 re
1164 3857 1246 3975 ipsu
1275 3858 1581 3952 aduersorum

134 4023 213 4086 nes
236 3994 402 4111 iniquos
439 3995 557 4092 ausus
607 4000 875 4092 constitutum
911 3929 1098 4094 ndveris.
1196 3999 1380 4093 Consilio
1404 4006 1581 4094 aliorum

138 4137 276 4234 libens
297 4131 579 4262 frequensque
602 4159 752 4264 utere,
784 4165 865 4234 uec
885 4165 1067 4262 unquam
1087 4157 1134 4234 te
1160 4137 1408 4238 satistutum
1427 4139 1582 4261 puta',d

1413 4281 1511 4378 ‘tibi
