3900 4814
392 295 465 394 368
549 315 553 320 ·
908 307 909 312 '
947 294 1121 376 Annus
1148 317 1237 425 992.

367 436 442 518 Hic
461 439 524 542 ipse
536 441 678 542 primas
685 440 819 538 freter
836 455 925 516 erat
943 439 1085 526 Dacis,
1117 437 1217 542 corjm
1241 443 1374 526 terre,
1401 443 1462 546 qai
1487 433 1705 546 exigebatur
1725 438 1830 538 Epi·
1933 449 1935 486 s

353 543 502 644 stupes,
523 544 688 642 profuit.
751 541 1062 644 TnmApostolicns
1088 568 1156 616 non
1182 557 1261 616 tarn
1289 538 1495 630 volontate,
1522 539 1720 646 qnonrjure
1737 541 1815 616 Dei

356 659 548 749 permotus
571 642 663 718 talia
682 640 876 744 respondit:
904 640 1117 730 Koddinou
1143 641 1238 747 qnod
1249 639 1344 746 juste
1363 658 1552 746 quarunt,
1586 644 1750 747 quamvis
1770 639 1818 717 de

367 738 454 824 bono
463 741 663 851 potrejan'i
689 741 946 852 degeneraffent
959 742 1043 836 filii.
1099 739 1324 819 Etdabimns
1344 769 1422 818 curn
1437 739 1506 818 dac
1524 741 1620 846 lege:
1634 745 1678 836 st
1693 740 1817 816 audie-

293 926 299 936 ,
368 851 448 924 rint
465 871 562 935 eunt,
582 861 732 922 teneant
763 870 841 919 cunr
870 844 943 920 Dei
975 839 1224 932 benedictione,
1249 847 1459 948 faciantque
1468 837 1539 940 fieb
1565 843 1632 944 ipſso
1646 844 1817 939 frutiorn

368 945 578 1048 centuplum.
629 945 669 1020 Si
692 960 811 1032 autem
828 969 851 1018 o
868 945 1027 1043 constaeto
1048 947 1239 1051 iniquitute
1243 947 1315 1044 stne
1333 943 1492 1021 recedere
1505 943 1651 1032 nolunt,
1678 939 1735 1017 dic
1751 969 1819 1018 no-

359 1053 439 1147 ster
453 1043 582 1153 absque
593 1045 751 1148 periculo
779 1046 816 1122 ni
832 1048 963 1146 capitis
979 1044 1151 1121 maloram
1166 1073 1231 1122 con
1242 1050 1340 1123 ostio
1356 1045 1518 1120 declinet.
1570 1046 1674 1120 luter
1688 1041 1820 1118 condi·
1858 1121 1864 1128 ,

323 1162 326 1170 ’
369 1151 492 1226 tiones
511 1169 646 1248 porro,
677 1159 756 1243 q‘uae
782 1145 939 1242 Legatis·
959 1144 1137 1222 Bohemiut
1160 1050 1344 1249 adtende
1371 1146 1445 1224 XV
1464 1145 1679 1244 propofitae,
1700 1163 1817 1242 utque

369 1251 413 1326 ab
431 1248 558 1326 iisdem
574 1260 765 1344 occeptutee
784 1241 956 1334 fuerunt,
976 1241 1155 1322 etiamiiio
1172 1241 1264 1324 fuit:
1283 1249 1370 1323 utin
1383 1249 1518 1328 Ducatu
1540 1243 1818 1322 Bohemiaefun-

372 1353 517 1430 daretur
535 1345 785 1423 monasterium
802 1343 954 1421 Ordinis
977 1346 1059 1422 Divi
1082 1345 1285 1430 Beneditn.
1317 1348 1358 1424 Id
1383 1343 1566 1423 manifeste
1598 1347 1741 1426 eruitur
1763 1369 1818 1422 ex

370 1437 608 1528 instrumento
624 1442 846 1522 fundationis
868 1444 1191 1537 Brzevuovienfis,
1216 1447 1319 1542 cnjus
1337 1448 1440 1524 initia
1460 1448 1533 1524 hoc
1554 1445 1633 1546 ipio
1654 1468 1750 1522 auno
1768 1448 1818 1522 ud

369 1551 519 1651 Progam
533 1545 629 1642 jutta
648 1543 749 1633 sunt,
775 1549 813 1620 in
836 1569 910 1645 quo
926 1547 1000 1622 haec
1020 1545 1143 1622 verbis
1160 1545 1332 1646 expressis
1358 1546 1416 1626 sub
1435 1548 1656 1648 principium
1681 1545 1816 1644 legun-

368 1674 452 1731 tur:
480 1649 734 1744 Brevnovienst
748 1649 951 1746 monasterio
968 1671 1016 1721 ex
1026 1664 1193 1748 precepto
1210 1645 1358 1727 Domini
1376 1651 1534 1750 Joannis
1562 1651 1664 1749 Papa
1688 1645 1819 1726 loudo-

367 1753 490 1831 biliter
507 1751 706 1847 constructio.
747 1745 837 1823 -Nec
858 1747 1021 1822 dubitare
1043 1749 1150 1823 velim
1174 1747 1246 1824 hoe
1263 1773 1337 1826 euno
1355 1751 1498 1828 motivo
1523 1749 1687 1846 Papatem
1718 1748 1820 1824 Rad-

368 1855 459 1941 lam,
485 1849 544 1927 seu
564 1847 784 1924 Anastufium
819 1847 973 1924 reditum
996 1849 1030 1924 S.
1050 1847 1252 1925 Adalberto
1278 1844 1502 1949 periuafiiie,
1534 1849 1567 1924 ἃ
1588 1850 1623 1924 id
1642 1845 1755 1947 ipsum
1774 1851 1813 1931 S.

370 1955 604 2031 Adalbortmn
619 1947 689 2042 jum
706 1950 918 2024 monachum
935 1969 1025 2026 vere
1044 1970 1091 2023 ex
1106 1950 1224 2026 animo
1241 1947 1474 2044 desdende,
1487 1967 1529 2028 ut
1548 1950 1610 2027 tali
1627 1949 1730 2049 podio
1741 1947 1809 2030 Pa-

368 2076 488 2157 patem
505 2050 603 2128 suum
620 2042 716 2150 apud
737 2046 771 2124 se
797 2049 976 2125 retineret
1007 2049 1045 2122 iu
1064 2049 1250 2138 Bohemia,
1270 2053 1568 2148 quemadmodum
1601 2049 1706 2149 poulo
1727 2049 1813 2148 post

370 2154 489 2232 eidem
508 2151 680 2231 coeuobio
699 2149 876 2225 Abbatem
893 2149 1010 2224 dutum
1030 2144 1132 2225 fuilie
1149 2148 1251 2228 infun
1265 2152 1509 2239 ostendemus.
1561 2151 1693 2228 Procul
1703 2151 1814 2226 dubio

367 2257 478 2332 etiam
498 2254 663 2359 Joounes
684 2249 777 2348 Papo
795 2247 899 2343 hujus
928 2248 1134 2352 monasterii
1162 2247 1354 2330 erediione
1383 2251 1682 2347 satisfodiiouesm
1710 2251 1813 2346 cujus

294 2439 296 2450 Ι
369 2379 459 2435 reus
473 2372 550 2431 erut
568 2353 770 2439 Boleslaus,
789 2348 967 2439 intendit,
993 2368 1033 2426 ut
1054 2373 1257 2450 proventus
1279 2353 1524 2455 episcopales,
1551 2377 1646 2454 quos
1665 2348 1811 2430 abdente

343 2455 623 2536 'S.Adalbcrt0
650 2450 842 2530 maestum
872 2451 1015 2526 Ducolis
1038 2452 1082 2526 ad
1111 2449 1353 2544 seruauerat,
1380 2456 1417 2532 iu
1438 2458 1530 2534 hauc
1558 2455 1651 2554 piam
1673 2452 1811 2530 cuniam

360 2567 693 2635 'converteremus
759 2551 841 2654 ,Jum
859 2575 955 2630 vero
972 2553 1130 2650 reliquos
1150 2554 1432 2654 Biogroplrotum
1461 2553 1651 2635 memorias
1684 2551 1810 2654 prose-

371 2681 532 2761 quamur.
559 2753 560 2759 ἵ
585 2657 690 2733 Prior
710 2647 921 2753 subjungit:
951 2653 1074 2730 nnita
1100 2659 1146 2746 est
1172 2655 1360 2758 S'yuodos,
1387 2657 1431 2734 Ἐφ’
1444 2661 1562 2757 solato
1590 2674 1681 2732 catu
1697 2653 1811 2732 redie-

371 2778 462 2838 runt
479 2762 621 2866 quisque
648 2759 685 2830 in
704 2752 966 2853 domnmsteanr.
1044 2751 1245 2854 Abscedent
1270 2756 1403 2863 legati,
1427 2756 1605 2838 monachis
1625 2751 1807 2851 tristibus,
1921 2795 1924 2801 ·

370 2861 451 2939 lato
470 2865 584 2934 animo
601 2885 643 2934 ac
658 2881 790 2960 magna
806 2855 1050 2953 exstcltatione.
1111 2855 1221 2930 Alter
1232 2879 1327 2934 vero
1338 2861 1561 2961 Biogrophus
1589 2856 1664 2936 ait:
1696 2855 1809 2934 Adel-

369 2963 493 3039 bertus
511 2955 712 3043 amborum,
742 2957 844 3054 Papa
871 2952 916 3029 8⁹*
947 2951 1104 3032 Abbatis
1129 2959 1270 3058 inuoerio
1286 2978 1442 3060 parens,
1458 2964 1583 3060 fratio
1600 2959 1667 3056 suo
1684 2953 1784 3034 libito
1794 3009 1808 3046 ,

358 3067 455 3158 flens
475 3060 657 3159 Epffcopus
675 3054 727 3128 od
743 3056 984 3155 Epffcoputum
1000 3055 1118 3146 redit,
1129 3075 1199 3158 pra
1222 3057 1321 3160 cujum
1349 3067 1518 3168 regimine
1549 3068 1718 3164 virgam,
1736 3078 1807 3162 pro

369 3159 466 3262 cujm
475 3161 518 3262 pi
544 3186 627 3234 nore
645 3153 834 3244 annulum,
851 3155 961 3230 dante
979 3156 1169 3257 Apodolico
1180 3164 1350 3261 „accepit
1402 3165 1593 3240 Doneiniia
1603 3167 1659 3240 die
1668 3163 1809 3238 veniens

369 3265 471 3338 venit
513 3287 623 3337 eneam
639 3257 691 3334 od
700 3281 803 3333 unam
818 3259 1007 3332 civitatem
1023 3255 1148 3357 (Pisum
1166 3255 1269 3335 fuilie
1294 3256 1477 3370 alieritur)
1490 3263 1556 3342 'abi
1574 3267 1644 3368 rjosa
1660 3264 1715 3338 dic
1726 3259 1829 3336 erat'

369 3380 549 3441 mercatus
566 3385 734 3468 magnas,
761 3385 836 3466 quae
854 3361 938 3453 visio
964 3384 1034 3434 non
1058 3378 1191 3460 parunt
1212 3359 1372 3440 adduxit
1397 3369 1679 3467 trislitiaesirniio
1700 3361 1807 3440 Vtro.

369 3461 440 3544 Ad
449 3488 622 3554 eosvero,
649 3462 754 3568 quise
768 3475 1016 3562 reportarunt,
1040 3461 1391 3562 inmroperoridoait:
1418 3468 1506 3544 Haec
1525 3472 1570 3558 eli
1584 3471 1701 3560 vestro
1715 3482 1808 3564 pro·

369 3567 474 3664 noiffio
494 3561 614 3642 bono?
631 3568 844 3664 penitentes
861 3564 968 3656 vestri
976 3587 1039 3636 nec
1040 3565 1234 3657 feriantur
1241 3561 1309 3639 bac
1323 3565 1379 3641 die
1384 3569 1517 3662 stecra?
1545 3567 1690 3647 claudit
1703 3561 1807 3640 deni-

369 3691 440 3770 que
455 3668 576 3769 peior:
608 3666 694 3742 Cum
711 3665 836 3761 enrensto
855 3667 984 3739 itinere
1001 3665 1158 3770 Pragonr
1178 3668 1359 3757 venirent,
1374 3688 1472 3766 'cunt
1496 3673 1529 3743 ei
1537 3668 1676 3747 obviam
1693 3667 1805 3742 omnir

371 3789 462 3846 atos
483 3769 663 3867 &sexum
690 3764 733 3841 dt*
750 3767 851 3872 queaest
862 3791 941 3840 cnm
957 3766 1096 3869 ingenti
1106 3766 1241 3871 guadio
1261 3786 1470 3868 accederunt
1496 3798 1594 3858 enne,
1621 3773 1713 3849 dant
1728 3795 1807 3842 mo-

369 3894 465 3958 nas,
484 3897 526 3943 ac
534 3871 760 3970 promittunt
779 3869 913 3954 omnia,
935 3866 1033 3941 velut
1050 3871 1110 3974 qni
1126 3866 1246 3962 defien
1259 3873 1451 3956 reuerfione
1463 3891 1503 3974 op
1525 3873 1583 3949 ido
1589 3873 1806 3980 gauderent,

371 3967 610 4070 &secundant
627 3967 700 4070 ajon
707 3984 887 4070 praeopta
897 3970 1058 4068 priorem
1073 3969 1375 4069 oitomplenifflne
1390 3999 1483 4050 eneen
1508 4003 1571 4052 are
1587 3979 1726 4052 vetent.
1739 3969 1813 4053 Sed

132 4053 366 4152 Maricam
392 4073 470 4151 eolo
482 4077 556 4174 post
580 4073 681 4172 capit
700 4095 756 4146 eos
775 4072 910 4172 ignava
926 4069 1124 4147 nonnius
1151 4071 1371 4166 Anonymus
1382 4073 1641 4154 Menkenianus
1659 4076 1721 4162 ait,
1735 4071 1807 4146 Bo-

132 4165 165 4234 ²·
180 4153 274 4227 ¹⁶⁴⁴·
361 4091 518 4258 iesloum
538 4171 791 4260 8.Αάε1ὴθῐῑο
816 4167 959 4247 obviam
986 4166 1214 4272 proeeffiffe,
1246 4171 1429 4270 postquam
1459 4173 1690 4255 intellexiliet
1717 4194 1804 4250 eum
1856 4231 1861 4236 .

1675 4296 1752 4355 ter·
1783 4315 1787 4321 ·
