3900 4814
690 323 934 424 ¹Borurru'r
954 357 1006 410 τι.Ι
1048 343 1112 420 28·
1483 305 1565 438 *389

150 479 349 586 ,probrauri
372 476 558 558 enabaro
576 477 821 568 acciderit,ex
836 477 965 558 eodem
987 475 1341 580 biographocquem
1359 479 1484 559 Sarius
1506 479 1615 560 inlu·
1756 573 1758 578 ἢ

164 605 242 660 cem
262 603 406 681 quoque
434 578 621 683 protulit)
639 579 845 658 audiamus:
872 592 900 628 “
918 581 1106 658 ostericus
1125 581 1175 682 “(
1183 579 1290 660 hem!
1306 577 1513 662 Astericum
1537 601 1613 662 non
1702 651 1706 660 .

161 721 192 777 ·,,
218 679 321 760 suisse
342 681 451 758 alium
478 685 520 758 ab
532 679 714 758 Anauauo
737 683 770 758 dr
791 682 926 782 Pepate
954 683 1059 759 Radia
1077 683 1132 782 )‚,
1151 678 1420 781 ejusquoauam
1446 679 1612 776 Clericus

165 839 193 884 ,2
221 801 349 880 contra
366 779 532 860 §audiam
553 781 686 858 Virum
710 783 925 882 arguendo,
952 781 1197 882 increpando,
1225 803 1306 859 cum
1337 781 1447 858 multa
1469 780 1614 863 inutilia
1822 837 1828 848 ·

164 939 191 978 „
218 881 416 962 furibundo
432 883 551 959 animo
579 883 817 981 loqueretur,
841 883 938 960 ultra
955 883 1122 962 iimitem
1150 883 1301 959 rationis
1326 902 1502 982 proterve
1524 903 1613 958 cou-
1784 952 1788 959 .

155 1023 190 1077 ·„
217 985 388 1063 tentione
401 977 631 1085 progressum
658 984 754 1084 quafi
773 1005 880 1084 quem
900 984 1051 1083 emplius
1075 983 1208 1061 videre
1226 983 1364 1073 nollet,
1384 1006 1608 1082 ⁴magnacum

164 1141 192 1180 ‚,
215 1083 459 1164 amaritudine
477 1084 637 1182 reliquit.
690 1087 856 1186 Arrepto
874 1101 996 1162 cutem
1012 1084 1147 1164 itinere
1165 1099 1241 1159 tota
1260 1083 1320 1160 dfe
1340 1081 1418 1186 ipse
1446 1106 1527 1164 cam
1552 1078 1611 1160 so·

155 1197 191 1282 ·,,
220 1188 279 1262 cio
298 1185 443 1262 homine
464 1183 528 1263 suo
547 1185 712 1284 equitans
724 1207 858 1262 errare
877 1185 993 1284 coepit
1009 1243 1022 1276 ,
1041 1203 1090 1262 ut
1107 1207 1185 1262 com
1197 1185 1292 1262 viam
1309 1185 1402 1262 houd
1418 1183 1534 1268 auter,
1555 1200 1611 1266 at·
1643 1210 1648 1226 ·

162 1293 191 1379 ‚,'
229 1311 296 1384 wae·
312 1309 451 1363 manum
472 1283 574 1372 suam
587 1285 651 1361 fibi
668 1303 787 1364 notam
808 1285 979 1362 invenire
1000 1307 1074 1362 noa
1094 1279 1210 1386 posset
1225 1285 1243 1376 ,'
1263 1307 1311 1362 ex
1338 1307 1450 1384 poena
1471 1305 1612 1384 cogno·

126 1413 131 1428 ·
163 1444 192 1481 „
216 1313 359 1478 sceret,
386 1408 491 1487 quam
514 1407 630 1486 grave
659 1403 849 1484 peccatum
881 1410 963 1462 cum
995 1383 1174 1488 Episcopo
1203 1385 1458 1464 contendendo
1476 1405 1612 1488 perpe·-

156 1523 192 1582 ·‚‚
220 1483 353 1572 trasset.
404 1487 519 1564 Porro
543 1485 586 1562 ad
604 1485 794 1586 vesperam
814 1481 908 1566 casso
925 1487 1049 1564 labore
1077 1484 1249 1566 reversus
1278 1487 1318 1567 ia
1336 1488 1486 1577 urbem,
1512 1483 1613 1586 quod

162 1639 189 1684 ,‚
216 1591 267 1668 ite
283 1587 443 1665 disiunte
458 1588 722 1690 'sconsiiemia)
741 1589 958 1665 exhumatur
979 1585 1189 1666 insimritate
1207 1582 1432 1686 deliquisset,
1454 1586 1614 1687 poeaite-

154 1719 191 1785 ·„
218 1713 260 1767 re
281 1710 401 1766 comm
416 1690 497 1766 Deo
516 1707 599 1785 toto
618 1688 729 1764 corde
746 1689 873 1789 coepit.
902 1745 928 1777 ,‚
956 1689 988 1764 E
1009 1691 1141 1791 quibua
1160 1711 1234 1766 non
1250 1687 1402 1766 obscure
1422 1685 1612 1787 cognosci*

71 1811 77 1818 ·
157 1811 239 1880 tur,
260 1789 478 1866 Anastasium
492 1786 527 1864 se
545 1787 582 1862 se
607 1789 771 1888 equitem·
787 1811 855 1890 per
873 1805 1015 1866 certum
1046 1789 1115 1868 vise
1143 1787 1294 1890 spatium
1319 1812 1368 1871 ex
1386 1791 1477 1866 urbe
1496 1785 1611 1887 Progc

97 1969 100 1976 ,
158 1889 363 1969 discedenti
383 1894 419 1968 S.
440 1889 641 1966 Adalberto
659 1889 827 1966 comitem
848 1888 1066 1986 adjunxisse,
1097 1913 1178 1966 nam
1208 1888 1244 1970 u
1268 1890 1363 1970 idem
1383 1883 1612 1990 biographus

11 2006 21 2020 ’
163 1993 209 2086 de
229 1997 263 2069 S.
280 1991 476 2106 Adalberto
496 1988 606 2066 dicit:
634 1991 782 2090 “Ergo
814 1989 959 2166 disvious
990 1993 1101 2068 heros
1127 1986 1285 2068 ascendit
1306 2013 1446 2104 equos,
1468 1989 1610 2164 ἀεῗιεὲιιι

159 2089 1718 2326 abbbbbbtabtbbbpudobusbttbbusubbfflp
1744 2225 1813 2317 aa·

161 2353 189 2390 „
217 2291 455 2396 Episcopum,
480 2297 598 2398 inquit
616 2289 766 2382 author,
794 2318 868 2392 quo
888 2292 1036 2394 dignum
1058 2315 1132 2374 non
1160 2289 1233 2392 suit
1248 2289 1411 2379 seculum
1431 2291 1607 2385 nostrum,
1720 2277 1731 2306 ⁸
1808 2279 1819 2310 ’

162 2449 190 2488 ,,
217 2417 299 2470 cum
320 2395 394 2473 fine
413 2394 543 2470 baculo
562 2395 633 2468 iter
654 2419 674 2471 a
700 2413 766 2470 eos
785 2395 996 2472 Ravennam
1015 2392 1184 2481 veniret,
1212 2415 1280 2472 cur
1310 2394 1383 2474 sine
1410 2394 1518 2492 virga
1546 2415 1608 2492 pa-

163 2551 190 2587 „
217 2492 337 2572 storali
357 2493 417 2568 vir
436 2509 558 2568 tantus
582 2417 795 2586 inceseret,
821 2493 960 2594 optime
990 2513 1115 2572 cautus
1147 2494 1216 2570 Dei
1245 2491 1371 2576 seruus
1404 2493 1534 2573 durans
1554 2493 1609 2570 ia·
1646 2555 1650 2566 ,

159 2633 190 2689 ·,,
218 2595 437 2692 terrogavit.
488 2589 720 2692 Respondeas
745 2597 899 2672 verbum
915 2593 1145 2678 memorabile
1173 2593 1236 2672 ille
1265 2595 1401 2683 homo,
1426 2593 1489 2692 qui
1517 2615 1609 2682 vere
1684 2664 1690 2676 ,

162 2753 190 2788 ,,
218 2696 339 2796 potuit
358 2693 479 2794 loqui:
507 2693 747 2785 VivitDeus‚
773 2695 1079 2797 inquit,incujus
1098 2692 1295 2794 conspeetu
1320 2693 1397 2783 si0‚
1419 2691 1530 2779 facile
1557 2693 1611 2777 est

159 2854 187 2891 „
212 2797 353 2896 gestare
373 2796 526 2896 pedum,
554 2793 614 2872 sed
631 2792 778 2876 difficile
796 2796 955 2876 reddere
975 2796 1177 2886 ratimrem,
1203 2817 1283 2877 curu
1313 2795 1537 2880 venerum
1551 2793 1610 2888 jo.-

156 2933 187 2989 ’,,
215 2897 368 2987 dicium,
406 2895 469 2998 qui
500 2919 698 2985 nonerrat,
726 2897 853 3001 judex
871 2897 1043 2976 vivorum
1062 2896 1105 2972 1&
1127 2913 1363 2982 mortuorum,
1391 2951 1418 2986 „
1465 2896 1608 2974 Verum

154 2999 229 3094 jam
249 2997 460 3172 pomposam
478 2994 725 3090 absolvemus,
752 3021 829 3106 que
848 3021 898 3081 er
919 3001 953 3080 S.
966 2995 1159 3084 Adrlberti
1181 2997 1292 3114 gestis
1306 2997 1426 3084 Romu
1444 2997 1489 3080 ad
1509 2995 1608 3086 bunc

160 3115 293 3174 annum
332 3118 380 3198 pe
419 3114 495 3177 ont.
1173 3161 1176 3168 .
1289 3119 1293 3126 ’

154 3311 158 3318 ·
270 3297 317 3412 ¹¹:
345 3295 415 3373 Sub
435 3295 627 3374 adventum
648 3301 805 3391 Romam,
819 3302 940 3404 inquit
952 3301 1054 3402 prior
1072 3300 1317 3404 Biogrrphust
1345 3301 1715 3415 “mammona-1554,
1740 3339 1814 3422 ς’,

159 3457 186 3496 ,,
213 3395 313 3474 sterit
331 3411 445 3473 mutat
463 3397 649 3497 pastoralia
670 3395 783 3480 frena.
853 3403 1095 3504 congaudent
1121 3401 1184 3482 illo
1204 3405 1386 3487 redemite
1409 3405 1607 3510 meuafficp
1716 3381 1726 3422 ’

155 3548 187 3597 ·,,
213 3499 330 3600 plebis
348 3494 445 3574 sacra
459 3497 635 3597 collegia,
652 3525 694 3576 ac
713 3497 910 3582 saasiitatir
921 3503 986 3582 sure
1003 3525 1129 3580 amore
1148 3503 1284 3604 paritet
1300 3501 1335 3580 dr
1352 3503 1510 3586 utilitate
1522 3527 1607 3605 per.

154 3635 188 3698 ·‚,
216 3599 402 3716 fruuntur.
468 3598 686 3714 Dilexerunt
705 3623 789 3716 eom
806 3627 956 3693 omnes,
984 3602 1139 3780 sed'ptre
1161 3607 1324 3717 omnibus
1348 3603 1472 3688 obbas
1499 3601 1607 3720 supr,

153 3697 1610 3901 rratubtsbtuttubbbb'uustfbtbussubruisset

151 3897 335 3979 -fratribus
352 3903 581 4000 prepositum
598 3897 724 4016 suisset
752 3925 776 3978 e
796 3930 869 4005 quo
888 3903 1243 3985 Prioraturmunere
1264 3907 1401 4006 ,procul
1416 3907 1527 3994 dubio
1536 3908 1614 3994 erit
1693 3971 1705 3984 .

153 4001 278 4079 sermo
297 3999 346 4076 ad
364 3996 521 4093 fratres,
546 4001 612 4102 qui
631 4026 670 4080 m
687 4003 914 4088 Bibliotheca
937 4007 1036 4084 MSS·
1063 4005 1246 4088 emnem
1278 4005 1472 4094 hodiedum
1502 4003 1610 4096 offer-

158 4121 270 4182 untur
289 4103 361 4178 hoc
386 4097 559 4216 premisso
579 4102 714 4182 titulo:
742 4105 939 4184 “Homilir
956 4104 1191 4186 Venerabilis
1218 4107 1411 4196 Adalbetti
1436 4105 1610 4210 Episcopi

161 4255 195 4297 „
220 4201 256 4280 dr
277 4199 461 4301 Martyria
481 4224 521 4280 ιιι
539 4201 659 4286 Natali
676 4207 713 4288 S.
732 4205 865 4286 Alexii
883 4203 1103 4298 confessoris
1123 4203 1611 4388 superilloMrtthreiffxtut
1767 4255 1771 4262 ·

1344 4378 1347 4386 .
1514 4331 1557 4386 o·
