3900 4814
223 1131 246 1167 ἡ

379 1207 407 1254 95
434 1163 496 1236 All

407 327 495 434 392¹
948 304 1131 400 Ausus
1155 321 1279 411 994.‘
1376 378 1382 387 ,
1416 263 1423 273 ”
1570 353 1577 364 -

383 449 627 558 dem·Joanne
644 444 718 528 XV
740 463 911 547 exmata;
934 454 975 530 in
989 449 1360 555 ¹qua-nonnumeria,'
1381 448 1442 530 led
1457 445 1828 550 mannaanm',supe·

381 553 458 632 rior
476 556 621 629 odacar
648 549 882 632 Pontificatum
908 549 1086 632 atteritur.
1133 554 1201 630 ,sic
1224 553 1318 632 enim
1336 553 1424 630 ibi':
1441 557 1567 630 Anno
1591 553 1828 643 Pontificatus
1902 613 1908 624 .

379 657 487 748 nostri
500 653 660 753 -Joanm's
679 655 883 750 Sandiffmi
908 657 991 732 XV
1004 659 1107 755 Papa
1126 656 1259 732 adiuvo.
1310 653 1464 732 Felicius
1483 651 1520 730 se
1538 650 1828 752 Ziegelbaucrus'

380 754 505 833 saltem
527 753 645 854 aliqua
676 755 998 834 verollmilitudine
1017 757 1088 833 hoe
1117 755 1216 833 nodo
1243 755 1381 832 Gordiu
1409 749 1637 843 exta-icadas,
1666 753 1694 828 fi
1734 753 1827 832 test-

347 891 353 904 ,
380 857 477 936 dium
502 853 650 955 aliquod
664 877 712 932 ex
729 852 808 955 ipl'o
822 855 1042 947 tranlumto,
1070 853 1106 931 dr
1136 856 1174 932 in
1206 855 1329 932 verbis
1356 855 1429 932 illis
1457 851 1690 936 Ottocariani
1707 777 1827 954 diplo-

379 951 486 1061 matis
504 949 736 1058 quanviffet:
764 959 856 1035 “Et
884 957 970 1073 quia
993 957 1088 1034 idem
1105 954 1365 1058 privilegium,
1392 975 1435 1034 ut
1451 979 1528 1032 mos
1548 950 1620 1034 fuit
1637 953 1827 1036 hominum

380 1113 408 1153 „
435 1057 607 1234 temppris
627 1055 1070 1154 illius‚iuchartu1uncea
1088 1059 1370 1160 (quam'quidem
1390 1057 1549 1136 chartam
1563 1055 1827 1156 equeAutlror·

538 1157 605 1234 arii
628 1153 790 1272 sugillat)
809 1155 871 1236 seu
894 1155 1034 1260 scirpea
1053 1153 1224 1259 scriptum
1249 1176 1352 1249 crat,
1379 1155 1413 1232 dr
1437 1157 1477 1234 in
1498 1177 1603 1270 parte
1620 1177 1825 1268 magnate-

147 1341 149 1348 ,
218 1270 231 1362 j
379 1287 407 1356 ,·.
433 1259 565 1337 amate
584 1257 692 1334 nimia
705 1281 775 1352 Jam
792 1255 1038 1350 consumtum,
1065 1257 1156 1336 adeo
1174 1259 1274 1434 (pund
1293 1275 1446 1360 propter
1471 1267 1697 1334 attritionem
1728 1278 1825 1351 ejus-

380 1417 407 1456 „
434 1352 514 1437 dem
535 1361 665 1436 chartac
682 1357 722 1435 in
742 1360 950 1460 quibusdam
974 1359 1069 1436 locis
1096 1360 1162 1436 vix
1205 1361 1303 1436 iterae
1332 1359 1565 1459 apparebant.
1575 1374 1601 1446 ,,·
1628 1355 1665 1432 Si
1681 1355 1824 1456 inquam

381 1461 421 1538 in
440 1463 511 1538 hoc
533 1457 772 1538 controverso
785 1483 938 1537 nttmero
963 1461 1034 1538 XV
1054 1458 1288 1538 Pontificatus
1321 1459 1479 1564 Joannis
1510 1455 1712 1556 fugientem
1735 1456 1824 1534 duc,-

384 1581 458 1640 tum
479 1558 774 1658 attritionemque
790 1581 1018 1638 memoratam
1038 1555 1304 1660 pretcxuillet,
1327 1583 1369 1636 ac
1392 1581 1583 1638 numerum
1600 1557 1739 1634 nonnili
1758 1580 1825 1657 per

383 1659 626 1757 conjecturam
646 1659 797 1761 aliquam
815 1687 837 1738 a
857 1660 1133 1740 tranlumtorea
1161 1661 1315 1762 pontum
1340 1655 1578 1750 obtendillet,
1599 1659 1639 1734 in
1666 1675 1723 1734 tot
1746 1679 1825 1757 tart·

382 1782 493 1862 taque
511 1761 582 1838 tela
597 1755 882 1838 adversariorum
901 1787 975 1840 non
994 1685 1180 1840 incidillgt.
1223 1764 1285 1858 vUt
1302 1762 1428 1864 paucis
1447 1762 1560 1838 dicam
1575 1739 1823 1872 :multa-ligni

383 1860 596 1942 linceritatis
615 1857 799 1962 prelefert
814 1865 889 1942 hec
905 1863 1024 1954 bulla,
1044 1863 1298 1942 contractiora
1318 1861 1483 1962 pluribus
1504 1860 1640 1950 dubias,
1660 1859 1823 1938 indictis·

328 1964 330 1972 ’
382 1985 453 2064 que
472 1960 631 2040 sublestae
651 1959 740 2040 fidei
757 1964 915 2042 obnoxia
933 1965 999 2040 cll.
1070 1958 1444 2064 Optandumfuillet,
1472 1961 1730 2058 utaliquando
1749 1986 1821 2037 ma-

382 2087 457 2163 gno
474 2063 579 2159 hujus
600 2061 781 2140 sacerrimi
808 2066 946 2144 ordinis
965 2067 1005 2140 in
1029 2088 1073 2140 re
1091 2065 1219 2142 critica
1252 2062 1614 2142 statori-Mabillunio
1640 2061 1679 2160 itt
1699 2085 1822 2138 manus

382 2160 681 2264 tantiscunque
703 2164 748 2240 de
769 2188 812 2242 ea
824 2166 1000 2260 judicium
1020 2156 1119 2242 suuni
1136 2161 1348 2265 aperuillet,
1396 2163 1657 2266 standoquidem
1675 2163 1713 2238 in
1731 2163 1821 2239 Pre·
1896 2249 1903 2258 ,

382 2260 521 2344 satione
537 2261 629 2342 Aet.
645 2265 901 2346 ssneneditti
918 2269 1003 2346 Saec.
1030 2267 1079 2346 V.
1094 2263 1221 2346 verbis
1248 2191 1420 2366 eapteds
1448 2267 1536 2344 dicit
1553 2292 1575 2344 a.
1592 2265 1722 2342 Μῖνα
1744 2267 1822 2364 ufits

383 2367 640 2464 antesaeculum
657 2365 871 2447 undecimum
887 2363 1091 2446 Abbatibus
1109 2395 1178 2446 non
1199 2368 1376 2464 cancqffltt.
1449 2367 1544 2448 fluo
1562 2367 1646 2444 loco
1674 2363 1821 2465 insuper

384 2469 457 2548 ait:
484 2467 622 2546 nullum
641 2465 678 2544 se
697 2465 871 2546 hailenus
889 2469 1067 2548 Abbatem
1086 2463 1280 2568 reperille,
1308 2472 1367 2547 cui
1390 2495 1434 2550 ea
1453 2463 1613 2548 concello
1634 2461 1819 2545 fuilletan-
1892 2464 1896 2478 '

383 2587 424 2649 te
447 2571 674 2670 Engelfinunt
691 2565 929 2670 §.Atsgustini
945 2593 1063 2673 prope
1091 2569 1548 2661 cantuariamtlbbatcm,
1575 2568 1636 2646 cui
1660 2569 1822 2652 Alexan-

385 2671 450 2747 der
471 2671 508 2748 II
525 2670 682 2768 ejusdcm
699 2665 799 2748 usum
818 2670 1033 2757 admiserat3
1059 2671 1154 2748 lrunc
1173 2671 1257 2748 dein
1278 2666 1378 2750 usum
1400 2674 1522 2776 postea
1550 2673 1591 2746 ab
1614 2671 1761 2746 Urbano
1772 2669 1820 2746 Π.

382 2765 608 2874 frequentari
628 2788 801 2870 caeptum.
824 2772 972 2875 ,Subdiu
990 2772 1165 2872 denique:
1193 2782 1220 2818 “
1240 2769 1326 2848 Nou
1346 2797 1404 2856 me
1421 2772 1516 2874 fugit
1523 2765 1684 2868 proferri
1699 2791 1823 2846 anon-

383 2925 412 2968 „
438 2873 547 2950 nullis
565 2871 767 2972 antiquiora
783 2870 948 2971 exempla
981 2872 1208 2972 quorundam
1223 2871 1445 2966 ,Abbatum,
1469 2871 1597 2974 quibus
1623 2867 1822 2949 Pontifica-

382 3023 411 3068 „
437 2972 525 3046 lium
549 2987 864 3062 ornamentorum,
889 2970 1055 3072 adeoque
1091 2973 1205 3050 mitre
1232 2971 1432 3055 deferenda
1458 2967 1689 3075 privilegium
1704 2967 1822 3072 longe

382 3123 411 3166 „
433 3090 519 3146 anta
538 3067 700 3146 seculum
720 3071 947 3149 umdecimum
967 3067 1167 3150 concellum
1183 3073 1333 3174 legitur.
1391 3077 1532 3155 Verum
1549 3069 1724 3168 ejusmodi
1744 3079 1822 3172 pri·
1867 3106 1869 3110 ·

381 3225 410 3262 „
437 3169 666 3269 vilegianon
689 3169 772 3248 satis
794 3171 1097 3274 exploratanobis
1116 3174 1339 3268 videntum„
1367 3175 1561 3256 Concludit
1578 3173 1760 3272 postremo
1770 3198 1817 3252 ex
1866 3249 1871 3256 .

377 3267 570 3348 Theodori
594 3271 838 3372 poenitentiali
857 3273 893 3350 tlt
913 3274 1057 3354 Ordine
1077 3277 1259 3355 Romano:
1273 3278 1474 3382 antiquitus
1500 3277 1637 3358 &aute
1655 3271 1813 3350 seculum
1901 3325 1904 3332 ·

380 3371 446 3452 XI.
453 3375 496 3450 ab
506 3369 686 3476 Episcopo
694 3373 944 3454 Abbatiltusin
960 3377 1247 3456 ordinationibus
1257 3379 1427 3458 traditum
1439 3375 1645 3460 baculum&
1654 3374 1811 3477 pedules.

380 3475 452 3558 sed
478 3476 552 3554 lucc
581 3474 699 3553 omnia
734 3497 808 3582 non
839 3476 1041 3556 difiniendae
1062 3479 1143 3571 rei,
1175 3475 1237 3558 sed
1256 3479 1410 3576 historia
1437 3481 1540 3560 caula
1572 3474 1669 3562 didla
1697 3473 1813 3569 sunto,

380 3575 609 3680 Lectorique
625 3576 779 3656 liberum
794 3580 933 3675 enom
953 3601 1199 3682 quamcunque
1216 3601 1357 3682 partem
1385 3579 1596 3662 sententiam
1624 3579 1720 3657 suam
1740 3571 1818 3658 fer-

343 3691 347 3697 “
380 3701 448 3798 ne,
475 3679 658 3796 postquam
676 3681 805 3759 bullam
824 3705 924 3798 eam,
951 3707 1029 3860 pue
1048 3683 1243 3797 nonmodo
1262 3685 1394 3784 pagina
1418 3703 1485 3864 ΙΞ,
1514 3681 1699 3797 sedetiam
1727 3699 1815 3774 251.
1939 3753 1941 3758 .

379 3801 477 3858 antra
494 3778 649 3881 diploma
675 3781 953 3861 Ottocarrexcu
969 3808 990 3860 a
1008 3785 1080 3875 est,
1105 3783 1263 3884 legerit,
1292 3785 1327 3862 dt
1352 3804 1423 3864 tam
1474 3787 1702 3888 iegelbaueri
1730 3803 1819 3881 pro·
1876 3847 1878 3853 ,

376 3883 661 3986 paginationem,
688 3907 792 3989 quam
809 3885 993 3969 Autltcris
1012 3883 1166 3968 ruilusii
1187 3885 1435 3992 oppositiones
1462 3883 1736 3972 examinaverit.

1483 4237 1501 4290 u
1576 4269 1584 4276 .
1687 4195 1766 4276 {Va
