3900 4814
388 253 465 384 444
936 289 1115 368 Artatus
1139 295 1243 391 ¹998.

111 439 114 448 “
223 429 234 436 ”
363 435 424 512 lric
440 430 570 509 Procul
591 415 766 533 Stephani
786 427 899 530 Regis
922 433 1120 513 avunculus
1141 431 1267 510 urbem
1288 432 1466 533 quandam
1494 426 1631 534 tenuit.
1703 426 1826 507 firtod

365 534 513 636 quidem
534 535 644 610 multo
669 530 783 610 serius
804 529 979 633 prasente
1000 556 1095 610 anuo
1115 527 1304 634 contigisse
1321 557 1372 610 ex
1392 534 1516 613 relatis
1528 529 1682 610 Ditmari
1691 530 1824 630 liquet,

366 631 564 739 prasertim
585 657 667 710 cum
684 636 902 734 Stephanum
920 631 990 729 jam
1016 639 1209 714 Paeonium
1236 637 1365 742 Regem
1388 653 1520 727 vocet,
1540 657 1616 734 quo
1639 631 1752 732 Regis
1773 631 1824 709 ti-

368 737 445 815 tulo
464 735 616 814 necdum
636 734 733 812 illum
752 735 957 836 insignitum
977 729 1082 814 fuisse
1097 735 1292 814 'indubium
1312 738 1385 826 est,
1403 757 1446 816 ut
1466 755 1604 813 taceam
1617 733 1822 812 Boleslaum

371 839 529 915 nostrum
551 855 823 935 premortuum,
850 855 1039 938 antequam
1058 853 1321 927 coronaretur,
1349 840 1504 940 Rexque
1525 834 1827 938 proclamaretur.

373 937 493 1016 (duod
508 937 553 1014 ad
571 937 723 1013 alterum
740 935 824 1012 anni
839 936 942 1033 hujus
959 939 1092 1016 bellum
1114 938 1265 1028 attinet,
1300 939 1398 1037 quod
1420 940 1573 1018 eundem
1604 938 1824 1036 Stephanum

58 1089 61 1096 ·
323 1055 336 1067 ·
371 1067 450 1120 cum
481 1040 679 1115 Teamnicis
705 1032 841 1138 geffitse
873 1038 970 1115 idem
1000 1035 1229 1116 uoutffimus
1264 1039 1405 1117 Virex
1438 1041 1578 1118 literis·
1602 1032 1825 1116 fundationis

192 1149 194 1156 “
370 1138 635 1220 Atclriabhatiae
653 1143 688 1217 S.
702 1138 850 1215 Martini
863 1138 900 1214 in
912 1161 1034 1218 monte
1046 1139 1235 1216 Pannonia
1247 1141 1392 1239 arguit,
1421 1137 1824 1237 nolimexistimareper

381 1243 588 1318 Teutonicas
605 1240 709 1330 illos,
737 1241 1032 1338 quemadmodum
1048 1243 1156 1318 etiam
1177 1238 1286 1318 sentit
1307 1242 1564 1333 Thuroczius,
1581 1239 1696 1317 intelli
1701 1239 1821 1340 gieu-

376 1341 482 1419 mites
509 1337 829 1440 Homburgenses,
857 1343 985 1440 quibus
1012 1339 1083 1436 jam
1108 1341 1221 1418 Geiza
1241 1342 1438 1420 incolatum
1466 1344 1505 1420 iu
1534 1341 1723 1440 Hungaria
1747 1359 1822 1416 ter-

379 1465 513 1544 rasque
537 1441 633 1518 circa
651 1443 846 1546 jaurimtm
873 1437 1119 1534 concesserat,
1149 1440 1209 1520 sed
1227 1442 1456 1522 Teutonicos
1481 1443 1698 1529 orientales,
1730 1440 1824 1518 scili-

380 1563 444 1626 cet
466 1542 696 1620 Marchiones
713 1542 907 1618 orientales
926 1542 1148 1635 Henricum,
1177 1561 1287 1645 atque
1315 1545 1529 1635 Eruestum,
1557 1543 1619 1645 qui
1648 1542 1704 1617 his
1737 1543 1825 1640 ipfis

381 1646 506 1734 annis,
534 1645 623 1721 srcut
642 1645 751 1744 paulo
778 1661 862 1720 ante
881 1662 984 1744 pater
1007 1667 1134 1723 eorum
1156 1645 1375 1745 luitpoldus
1399 1648 1589 1724 marchiam
1610 1641 1826 1720 orientalem

379 1761 451 1822 tarn
472 1741 644 1822 adversus
667 1746 844 1820 Bohetnos
864 1745 899 1821 δι
917 1747 1223 1846 Moravos,quam
1242 1747 1412 1826 adversus
1430 1753 1628 1848 Hungaros
1647 1745 1825 1821 emende-

378 1867 447 1934 re,
476 1845 696 1946 diremptas,
724 1843 923 1947 prasertim
942 1847 984 1924 ab
996 1847 1193 1948 Hungaris,
1213 1865 1330 1924 terras
1347 1849 1533 1927 vindicare
1553 1846 1700 1930 connisi,
1745 1845 1835 1920 Ho-.

380 1968 462 2022 rum
486 1947 651 2048 potentia
671 1972 807 2049 paucos
824 1948 919 2026 intra
935 1970 1047 2026 annos
1074 1968 1212 2026 tantum
1233 1950 1425 2039 excrevit,
1452 1967 1491 2024 ut
1513 1951 1619 2022 etiam
1647 1945 1816 2019 Erueslus

379 2047 545 2124 Henrico
563 2048 693 2126 Sandlo
711 2073 796 2126 mox
820 2047 880 2125 sub
898 2049 1039 2125 initium
1058 2050 1204 2150 itrtperii
1225 2051 1415 2223 nepotiunt
1428 2045 1656 2125 faeeffiverit.
1707 2045 1822 2120 Cete-

380 2169 461 2223 rum
481 2149 506 2223 fi
527 2171 640 2224 annus
658 2147 810 2249 praesens
825 2151 983 2226 sincerus
1002 2150 1056 2226 est
1071 2149 1236 2228 vicinata
1253 2151 1346 2226 ilius
1376 2151 1415 2226 in
1437 2165 1559 2224 monte
1590 2146 1782 2226 Pannonia.
1801 2169 1823 2220 a

380 2249 562 2348 Stephano
583 2249 683 2350 Rege
700 2252 878 2344 obtenta,
907 2252 1037 2328 eodem
1055 2253 1171 2330 adhuc
1191 2272 1253 2352 aut
1274 2247 1445 2350 sequente
1463 2248 1615 2338 accidit,
1644 2248 1741 2350 quod
1767 2248 1822 2324 A.

380 2351 544 2426 nastasms
564 2373 642 2427 cum
662 2347 731 2428 suis
752 2352 940 2429 Monachis
957 2353 995 2428 iu
1013 2356 1110 2430 hunc
1131 2371 1291 2430 montem
1319 2355 1509 2431 translatus
1543 2352 1629 2427 veri
1649 2349 1823 2426 monaste-

380 2451 425 2528 rii
446 2472 604 2530 noctuam
621 2475 700 2529 cum
720 2454 915 2532 eminentia
931 2454 1113 2532 Abbatiali
1135 2454 1337 2556 auspicatus
1363 2458 1436 2548 sit,
1464 2454 1510 2530 de
1534 2475 1606 2557 quo
1630 2453 1701 2549 jam
1721 2445 1824 2553 supra

380 2553 483 2652 plara
502 2555 851 2657 praeoccupavimus.

335 2813 338 2818 .
491 2753 556 2829 lll.
583 2753 736 2848 Annus,
762 2779 837 2858 quo
855 2755 1090 2851 &Adalberti
1109 2777 1242 2856 corpus
1259 2777 1306 2834 ex
1319 2749 1700 2854 Pruffiaadsoloniarp
1712 2750 1824 2830 Gnes-

381 2875 537 2958 namque
554 2855 761 2931 translatum
780 2855 871 2948 fuit,
892 2883 918 2933 a
941 2861 1088 2936 nentina
1108 2880 1233 2934 coevo
1249 2857 1403 2958 paulove
1424 2851 1628 2954 posteriore
1649 2855 1824 3032 ppositus

383 2959 446 3036 est.
499 2953 722 3033 Posteriores
753 2959 902 3035 multum
929 2961 1108 3052 variant„
1124 2959 1185 3034 alii
1211 2957 1306 3032 enirn
1337 2955 1606 3032 translationem
1630 2952 1646 3030 i
1699 2977 1734 3031 m
1755 2956 1823 3058 ipsi
1923 2959 1924 2968 ’

343 3129 346 3136 .
380 3055 560 3153 Martyrii
578 3076 671 3132 auno
689 3058 848 3156 illigant,
876 3060 935 3136 alii
959 3061 997 3138 in
1015 3059 1247 3162 presentem,
1278 3057 1338 3134 alii
1368 3056 1527 3156 denique
1553 3055 1591 3132 in
1612 3053 1822 3155 sequentem
1920 3061 1922 3122 ἕ

381 3173 442 3232 aut
461 3157 567 3256 plane
585 3151 805 3236 millesimum
827 3185 906 3236 cum
923 3159 1093 3262 Dlugollo
1112 3159 1297 3255 rejiciunt.
1348 3156 1821 3248 Exhistoriaduotuureon-
1917 3157 1920 3196 ³

197 3342 203 3355 ,
362 3256 605 3357 sequentium
625 3282 796 3336 annorum
816 3265 982 3340 testatum
1005 3263 1068 3352 lit,
1094 3263 1134 3340 id
1168 3265 1193 3338 li
1215 3285 1289 3338 non
1309 3257 1521 3360 superiore,
1542 3257 1817 3357 saneannopra·
1905 3276 1910 3295 ·

155 3335 290 3400 ΒΜ·
312 3328 482 3436 ¹⁹⁴·sente
503 3361 651 3437 indubie
673 3353 847 3438 accidisse.
899 3357 989 3442 Nam
1009 3367 1099 3442 teste
1117 3364 1280 3458 Ditmaro
1295 3361 1366 3457 jam
1383 3385 1479 3440 anno
1497 3356 1729 3462 sequentetot
1743 3378 1821 3436 tan-
1892 3381 1911 3419 ·-

148 3437 266 3507 ¹³⁰357‘
380 3479 488 3563 taque
507 3459 655 3539 Gnesnae
673 3463 765 3564 apud
784 3467 819 3540 S.
830 3463 1022 3541 Adalberri
1040 3488 1175 3565 corpus
1195 3482 1334 3566 patrata
1354 3459 1435 3540 snm
1464 3464 1658 3552 miracula,
1688 3479 1727 3540 ut
1743 3460 1824 3537 illo-
1905 3518 1908 3527 .

380 3587 460 3642 rum
491 3559 591 3641 fama
609 3561 723 3671 usque
750 3565 897 3642 Romam
921 3583 1169 3667 pervagante,
1197 3566 1296 3643 Otto
1313 3567 1514 3665 Imperator
1543 3565 1709 3653 excitus,
1729 3564 1824 3640 redi.

380 3684 454 3742 tum
463 3665 500 3741 in
512 3667 734 3743 Germaniam
746 3666 1146 3768 acceleravet‘it,atque
1155 3668 1274 3744 Sansli
1284 3667 1388 3758 hujus
1398 3664 1549 3742 exuvias
1558 3667 1730 3740 venerari
1740 3686 1826 3741 con-

382 3765 551 3843 stituerit.
605 3767 639 3844 Si
660 3770 771 3844 verba
792 3766 943 3843 Ditmari
961 3766 999 3842 in
1020 3767 1398 3868 rigoreaccipiantur,
1426 3762 1701 3841 consentaneum
1714 3763 1826 3847 esset:

384 3865 621 3945 S.Adalberti
642 3891 774 3968 corpus
790 3866 860 3964 jam
878 3870 1003 3969 priore
1024 3893 1138 3962 antro,
1167 3891 1278 3966 atque
1297 3867 1396 3943 illico
1418 3865 1495 3966 post
1514 3864 1746 3963 martyrium,
1765 3891 1827 3946 re-

159 4015 317 4084 mp&
387 3967 567 4055 demtum,
595 3968 803 4069 &proinde
819 3972 926 4056 etiam
944 3969 1133 4048 redustum
1153 3967 1281 4061 fuisse,
1315 3991 1394 4045 nam
1426 3985 1709 4044 commemorato
1736 3993 1829 4049 mar-

310 4085 317 4102 ’
389 4068 497 4169 tyrio
512 4067 694 4172 subjungit
702 4097 728 4206 ax
745 4073 854 4179 Quod
866 4073 1042 4154 Boleslaur
1061 4077 1244 4178 Mffeconis
1254 4071 1355 4168 filius
1371 4074 1582 4177 comperiens
1590 4127 1605 4166 ,
1632 4069 1722 4148 data
1740 4070 1826 4154 anos²

1710 4193 1777 4282 Pe*
