3900 4814
389 277 463 372 406
546 349 554 362 ,
625 325 629 341 ·
720 263 725 274 ’
948 273 1233 376 ΑΝΝυε995

362 405 548 498 herienses
565 443 669 520 quom
689 409 873 495 Annaliun
891 409 990 496 Seno·
1004 417 1167 496 testatum
1187 409 1371 518 reliquere
1395 417 1450 494 his
1472 415 1617 494 uerbis:
1650 413 1812 498 Saxones

287 579 290 582 -
346 523 503 618 nffidnis
526 521 711 600 Slnvorndr
730 518 982 618 incurstom‘bur
996 517 1274 628 fatigabantur..
1325 523 1405 594 nex
1423 521 1675 596 cttnrexercitn
1688 531 1813 599 terens

364 624 551 702 Slavornm
568 625 740 700 invadens
760 622 961 699 Anodriros
978 625 1149 710 vallavit.
1189 624 1438 729 ¹Occurrirqne
1459 626 1489 694 ei
1506 625 1542 694 in
1553 619 1728 710 onxilium
1741 623 1812 697 ln.

361 725 463 803 delae·
482 723 776 828 (Pulotti)filins
794 725 927 821 Mfirc'o
947 749 1169 829 cummagno
1189 727 1373 811 exercitu,
1401 745 1549 798 necnon
1576 723 1706 798 Boenn'i
1730 749 1813 800 cnm

355 827 433 920 filio
451 829 600 902 alterins
617 823 768 903 Bolizlni
787 839 984 915 venerant,
1004 832 1135 928 recepit
1159 827 1243 918 nese
1263 825 1343 899 Rex
1360 827 1398 899 in
1412 823 1811 900 Saxoninmenmexer-

365 931 442 1004 citn
456 928 632 1003 incolumi.
684 931 770 1005 Haec
789 928 901 1024 primu
920 945 988 1002 tum
1007 925 1072 1002 filii
1092 853 1242 1002 Boseslai
1260 925 1468 1022 nostri‚qui
1481 923 1564 998 dein
1582 923 1714 1016 Rufi&
1729 944 1811 1000 ter-

362 1033 411 1105 tii
434 1027 581 1104 nomine
602 1027 787 1110 innotuit,
814 1051 917 1127 quum
938 1027 1046 1104 etiam
1067 1027 1253 1126 Mffeconir
1270 1023 1335 1100 filii
1356 1023 1509 1100 Boleslai
1528 1024 1653 1100 Poloni
1673 1035 1810 1106 memd-

363 1129 430 1207 iin.
483 1135 560 1206 Cur
577 1147 708 1205 neuter
732 1129 978 1204 Boleslnorum
1005 1151 1127 1229 neque
1154 1127 1234 1203 Pius
1256 1147 1373 1225 neque
1405 1125 1556 1222 Cltnbry
1575 1127 1810 1224 ‘expeditioni

362 1230 421 1305 issi
440 1221 673 1320 interfuerit,
702 1225 803 1304 consa
823 1253 867 1306 eu
887 1226 982 1305 infru
1000 1227 1160 1305 dicendis
1178 1223 1447 1302 manifessnfiet.
1500 1227 1812 1325 Expeditiouiuu-

363 1344 438 1409 tem
458 1331 515 1406 isti
532 1355 613 1408 cum
637 1327 788 1405 Boleslni
812 1330 922 1403 nostri
939 1328 1016 1405 filio
1039 1326 1268 1407 Zobieborem
1290 1329 1480 1403 marimum
1500 1349 1585 1406 natu
1610 1324 1757 1404 fratrem
1770 1334 1810 1406 S.
1864 1321 1868 1335 ’

352 1431 552 1512 -Adulberti
571 1425 845 1520 interfuissent
863 1433 978 1506 usrero
1002 1430 1206 1529 Biogrupho
1225 1425 1412 1518 discimus,
1440 1452 1484 1503 er
1510 1453 1585 1526 quo
1614 1431 1713 1506 simul
1736 1441 1811 1506 'co-
1848 1459 1851 1462 ·

362 1531 567 1634 guoseimus
589 1531 861 1632 persecutiones
882 1532 983 1618 illes,
1011 1533 1141 1630 quibus
1160 1525 1292 1604 familia
1311 1529 1547 1606 sumntum
1569 1525 1754 1606 fratresve
1774 1537 1812 1608 S.

272 1701 276 1708 .
361 1632 557 1709 Adnlherti
577 1633 834 1733 premebantur
851 1635 893 1707 ab
910 1655 955 1706 eo
976 1651 1162 1732 tempore,
1183 1653 1265 1705 cum
1284 1627 1810 1709 excoutmunicntisWrffove-

364 1734 432 1809 ciis
451 1727 789 1834 Prngndiseessernt
809 1734 843 1808 S.
867 1733 1099 1809 Adnlbertue.
1151 1731 1275 1808 Verba
1296 1732 1493 1830 Biogrnphi
1510 1731 1612 1808 suut:
1645 1737 1808 1842 Quinque

242 1829 247 1845 '
350 1834 815 1934 fratrer(S,·Adnsbertus
834 1838 848 1940 )
867 1832 992 1910 deberit
1020 1889 1029 1909 .
1060 1888 1070 1908 .
1100 1891 1110 1914 .
1139 1888 1149 1910 .
1189 1831 1387 1938 exquibus
1415 1832 1528 1936 nrm'or
1557 1833 1806 1940 (Zobtebor)

350 1939 643 2035 fraterservitio
660 1937 895 2037 Imperatoris
920 1939 1023 2033 (cnm
1035 1935 1189 2010 ssolestai
1208 1933 1315 2036 filio)
1342 1940 1380 2009 in
1399 1935 1618 2036 (redentorinnr
1628 1942 1807 2039 prtff'esstts

352 2044 579 2142 pognnornr‘n
596 2041 875 2140 expugnationes
898 2038 1035 2124 edient,
1063 2033 1120 2111 nbi
1142 2035 1186 2110 sn*
1210 2036 1486 2127 cnn1Belerlnuo
1508 2041 1522 2136 (
1541 2038 1615 2112 iuro
1640 2042 1736 2116 illius
1763 2036 1807 2113 fi-

361 2139 437 2240 lio)
463 2140 668 2216 Polonornm
688 2140 789 2231 Duce
806 2141 1002 2214 amicitiam
1012 2136 1170 2238 junxit,
1190 2139 1346 2244 querelas
1364 2139 1579 2238 deponentem
1586 2143 1704 2232 jecit,
1716 2138 1811 2246 qnod
1863 2214 1873 2230 „

362 2241 480 2329 mala,
507 2268 582 2348 qnae
600 2243 697 2316 nuso
713 2242 928 2340 promeruit,
939 2239 1034 2314 Dux
1056 2237 1281 2316 Bebenrernm
1302 2239 1476 2315 Boleslans
1504 2239 1808 2337 rnemfiricorsia

351 2339 424 2441 fibi
434 2342 776 2448 suirqttefrntrisnr
787 2345 897 2440 plura
919 2343 1084 2461 ingestu
1121 2339 1238 2444 Hujus
1258 2340 1355 2446 nsque
1379 2343 1416 2416 in
1433 2341 1628 2417 adventum
1656 2344 1807 2441 &steros
1827 2333 1860 2369 '⁴

361 2443 505 2520 reditur
524 2443 634 2520 rederi
657 2441 749 2519 donni
756 2457 921 2638 yttntnor
933 2449 1210 2542 fratrespacem
1226 2445 1467 2542 impetrarunt
1481 2499 1492 2531 ‚
1505 2441 1807 2558 &eepnrteDu-

366 2547 664 2644 cisstcnrdtutenr
686 2547 729 2622 θ’
748 2628 755 2641 ¹
774 2562 981 2617 atramenta
1001 2562 1234 2643 acceperunt.'
1282 2543 1341 2618 'Ad
1361 2533 1433 2619 herc
1454 2543 1579 2636 melius
1598 2547 1808 2641 melliren-

366 2649 409 2723 dn
430 2645 635 2720 sciendum:
658 2647 859 2720 Bolesluum
881 2644 981 2718 Pium
1004 2642 1073 2736 jem
1103 2643 1291 2742 superiore
1321 2663 1381 2723 nur
1401 2665 1502 2720 certe
1520 2669 1612 2720 nuno
1629 2644 1805 2746 presente

362 2747 522 2850 pnrnlyfi
543 2740 645 2819 fuisse
663 2743 885 2844 perculsum,
912 2743 1075 2839 adeoque
1099 2767 1165 2843 pro
1187 2763 1287 2842 patre
1309 2748 1465 2821 lineatus
1484 2746 1635 2820 habenas
1655 2746 1807 2822 admini-

364 2843 484 2926 strasse
503 2845 703 2920 Boseslnutn
732 2845 841 2920 filium
876 2843 1094 2939 cognomine
1120 2845 1263 2920 Rufum.
1314 2845 1428 2940 liujus
1456 2844 1602 2938 juvenis
1618 2847 1807 2946 Principis

350 2947 515 3043 gratiam
535 2945 606 3019 hoc
626 2963 793 3042 tempore
811 2945 977 3042 aucupati
1001 2939 1081 3020 suut
1098 2945 1157 3023 W
1160 2941 1350 3036 dsorecii,
1377 2949 1467 3023 adeo
1494 2946 1697 3024 utiliorum
1730 2941 1806 3023 sre-
1922 2939 1923 2956 '

363 3047 456 3120 tioui
476 3038 681 3131 occesserit,
707 3045 802 3142 quod
823 3045 946 3142 poster
964 3045 1017 3120 illi
1039 3045 1077 3120 iu
1093 3045 1242 3122 exitium
1266 3049 1394 3126 vertit.
1446 3049 1492 3124 Et
1502 3067 1597 3124 vero
1609 3071 1689 3124 eum
1701 3070 1804 3149 pater

361 3140 549 3220 Bolessnus
569 3143 652 3220 Pius
671 3141 737 3220 filii
757 3145 807 3220 sui
832 3146 988 3222 cousdiis
1007 3170 1079 3222 nou
1101 3146 1208 3222 modo
1228 3171 1300 3224 non
1318 3148 1505 3228 adversum
1523 3152 1616 3237 iret,
1636 3148 1699 3225 sed
1717 3173 1799 3224 con-
1910 3184 1919 3232 -,

363 3245 530 3328 uiueret,
557 3244 630 3321 imo
649 3248 790 3322 fitemio
812 3243 874 3323 suo
896 3251 1051 3350 probare
1067 3246 1276 3340 videretur,
1303 3252 1387 3326 inde
1409 3247 1568 3340 sidium,
1599 3253 1694 3353 quod
1716 3251 1794 3322 dio·

363 3347 522 3447 griphus
543 3345 752 3446 potissimam
771 3339 909 3426 enusmn
932 3343 1144 3448 culpamque
1165 3367 1221 3428 tot
1237 3351 1411 3429 melorum
1439 3343 1611 3430 sintrib'us
1635 3355 1669 3428 S.
1688 3346 1795 3426 Adus-

300 3491 306 3496 -
362 3449 460 3524 berti
488 3447 747 3527 intentatorum
776 3451 940 3525 Boleslno
967 3449 1032 3524 Pio
1060 3450 1107 3526 im
1134 3467 1225 3527 utet.
1295 3454 1444 3530 Interim
1475 3475 1593 3531 tamen
1632 3449 1798 3554 presente
1907 3463 1908 3476 ¹

363 3560 458 3627 nuno
475 3544 610 3626 fusium
627 3555 701 3642 est,
719 3553 817 3650 quod
831 3549 990 3644 ejusdem
1007 3475 1182 3640 Boresti,
1210 3569 1405 3654 quanquam
1427 3551 1528 3632 leuto
1548 3553 1645 3632 uffini
1656 3569 1670 3646 ‚¹
1692 3573 1800 3654 opere
1870 3639 1872 3642 ,

363 3651 673 3730 &benevolentia
693 3678 761 3752 pax
780 3653 877 3728 iuter
897 3656 958 3730 hus
977 3653 1063 3734 dnus
1083 3649 1232 3730 snmilins
1257 3657 1396 3732 reddita
1413 3659 1479 3745 sit,
1509 3657 1544 3732 dt
1565 3656 1800 3734 Sacrumeut'rs

364 3749 524 3849 acceptis
547 3749 719 3832 securitas
738 3753 980 3832 Slawnikianis
1000 3751 1171 3854 promisse
1222 3757 1291 3832 Sed
1313 3755 1396 3833 dum
1414 3759 1488 3833 hee
1508 3757 1546 3834 in
1557 3756 1726 3835 Bohemin
1742 3757 1801 3831 ab-
1907 3759 1908 3818 Γ

362 3851 464 3930 sente
479 3852 685 3932 Zobiebore
704 3867 789 3934 netu
807 3857 962 3932 maximo
979 3846 1094 3932 fratre
1110 3869 1286 3955 aguntur,
1306 3855 1337 3933 is
1355 3858 1476 3934 denuo
1493 3859 1630 3938 cauum
1653 3859 1802 3936 multum

363 3949 612 4052 exasperavit,
636 3977 678 4035 ut
696 3957 733 4034 se
754 3957 908 4056 suosque
926 3955 1058 4034 fratres
1078 3957 1142 4059 ipfi
1158 3957 1321 4035 Boieslno
1345 3958 1410 4035 Pio
1431 3956 1802 4062 filioquesummeer-

361 4051 444 4136 osus
463 4055 683 4136 reddiderint
710 4059 865 4136 Primum
886 4061 1028 4162 quidem
1047 4060 1142 4159 quod
1161 4057 1314 4138 ottonis
1334 4061 1396 4140 lsi.
1414 4055 1657 4160 porroeinium
1673 4059 1804 4161 impio·
1899 4082 1904 4125 :

362 4157 522 4253 raverit,
547 4158 745 4268 turbatque
764 4157 842 4242 idne
857 4161 1066 4245 Boheuicnr
1086 4161 1206 4242 eidem
1222 4161 1367 4267 questus
1386 4165 1451 4260 fit,
1484 4164 1570 4244 dein
1593 4167 1691 4269 quod
1711 4161 1804 4277 initu

1711 4285 1752 4342 tn
