3900 4814
261 265 270 281 x
397 341 470 424 394
946 327 1124 407 Astus
1156 347 1247 430 994.

367 467 544 565 operiam:
572 467 628 540 ita
651 471 843 571 comperio:
872 469 992 548 Beotae
1011 472 1157 553 titulum
1174 471 1218 550 os
1237 472 1457 579 antiquitate
1476 473 1529 550 issi
1547 469 1605 570 esi
1622 467 1821 563 tributum

365 581 408 638 ct
426 565 561 641 cultum
572 563 751 666 publicum
766 595 835 646 non
861 567 1019 668 baiuiffe.
1078 578 1118 652 ln
1135 599 1194 652 eo
1223 574 1333 649 cordo
1356 574 1411 648 rei
1431 569 1607 650 universe
1623 575 1789 648 'vertitur
1801 627 1822 662 ,

366 677 484 740 utrum
504 665 668 744 Balbinus
688 671 726 745 in
750 693 796 747 eo
827 668 957 750 Millali
976 675 1115 752 literam
1134 679 1194 766 lt,
1222 697 1295 771 quo
1316 673 1429 748 Beata
1447 673 1572 750 titulus
1583 671 1822 763 indicaretur,

370 766 565 864 appositam
587 764 692 846 fuisse
719 769 825 846 rene
840 772 1070 862 meminerit,
1130 779 1243 852 Certe
1272 797 1346 849 vox
1382 773 1669 850 Commemoratis
1700 772 1825 872 prisscr

349 957 355 972 ⁸
376 861 437 940 sur
455 865 715 965 significatione
733 871 830 949 aliud
853 873 1005 950 innuere
1023 877 1191 979 videtnr3
1219 873 1309 950 nihil
1320 873 1694 962 enimaliudnotabnt‚
1711 893 1824 972 quant

232 945 328 1032 Μ’*
343 969 728 1072 ¹¹¹·rnniverfirriumseu
749 973 896 1066 curleium
903 993 974 1076 pro
994 977 1152 1074 dpfurrsio
1171 993 1237 1052 out
1256 975 1418 1071 defundit
1437 973 1681 1050 celebrandum
1690 1027 1702 1062 ‚
1723 973 1825 1049 unde

375 1067 485 1144 otiam
504 1069 615 1144 hodie
633 1075 709 1148 dies
731 1075 987 1152 Coniemorotio
999 1082 1151 1153 oninium
1163 1074 1565 1171 fideliumdefuntiorum
1580 1073 1819 1150 nomendtt'n·

375 1169 491 1244 tulum
511 1171 645 1261 traxit,
671 1171 993 1272 conset-vovitque,
1021 1195 1061 1253 ut
1085 1177 1239 1277 proinde
1256 1173 1414 1252 officinm
1436 1197 1505 1276 pro
1525 1169 1694 1251 defundis
1721 1171 1820 1248 cele*

377 1269 546 1346 brandum
566 1273 673 1348 titulo
700 1275 820 1351 &otc
846 1277 962 1350 minus
989 1275 1218 1376 respondent.
1280 1271 1452 1350 Prusecln
1478 1274 1547 1369 jum
1566 1277 1604 1350 in
1622 1272 1824 1352 Wr'ntisloi

377 1370 491 1448 Ducis
508 1371 617 1448 nostri
644 1375 827 1451 memoriis
847 1375 883 1449 se
899 1377 1059 1475 prodidit
1078 1377 1267 1464 Balbinus,
1295 1375 1395 1475 quod
1412 1397 1544 1452 vocem
1572 1401 1822 1451 commemora-

264 1515 268 1524 ·
378 1475 432 1550 tic
451 1471 565 1553 minus
581 1473 655 1548 rite
676 1475 927 1565 intellexerit,
955 1500 1037 1553 curn
1055 1501 1131 1554 eom
1152 1479 1217 1552 huc
1237 1474 1520 1574 significatione,
1546 1473 1602 1554 uti
1628 1475 1739 1550 hodie
1759 1499 1823 1552 uc-

373 1573 558 1671 cipimus,
582 1595 622 1648 oc
645 1573 682 1648 in
711 1572 823 1653 Missis
847 1578 1203 1654 commemorationes
1232 1562 1442 1653 Sandorum
1467 1573 1504 1650 &
1535 1575 1724 1652 Bessorum
1750 1599 1823 1652 vo-

377 1695 513 1759 camus,
541 1671 739 1774 usurpavit.
792 1679 966 1754 Sanevox
982 1679 1056 1755 hac
1075 1675 1113 1756 su
1140 1679 1263 1753 eriore
1282 1673 1825 1775 lignilimtionetccepttepri-

376 1793 434 1851 mn
453 1769 635 1870 disciplina
651 1775 806 1852 ecclesie
820 1778 943 1854 housle
959 1778 1023 1854 est.
1085 1701 1176 1854 lirim
1195 1799 1273 1854 eam
1288 1775 1428 1876 (inquit
1449 1779 1504 1850 Du
1517 1773 1711 1877 Fresnius)
1728 1779 1827 1876 rusm-

373 1891 471 1978 pumt
486 1873 593 1950 larini
610 1879 741 1954 Patres
748 1897 820 1980 pro
836 1903 878 1954 ec
893 1883 1103 1981 recitatione
1119 1883 1295 1956 roncinum
1316 1905 1460 1972 eorum„
1483 1903 1568 1982 quos
1589 1876 1731 1954 Fideles
1758 1905 1820 1955 vc-.

376 1989 494 2063 ‘coum
522 2003 599 2082 quc
607 1974 724 2069 fiebat
740 1981 778 2053 in
782 1981 903 2077 strcrir
930 1980 1041 2076 Mifflr
1061 1981 1253 2086 Liturgiis.
1322 1982 1495 2053 Ceterum
1521 1977 1690 2053 Milndnm
1718 1979 1823 2057 ads.

138 2093 142 2106 '
244 2143 249 2156 .
309 2139 315 2153 .
344 2077 585 2196 SGoorgiunr
604 2076 643 2152 in
666 2075 793 2154 sacello
818 2083 851 2164 S.
868 2079 984 2154 Annae
1007 2081 1211 2156 tumulatum
1240 2072 1343 2154 luisse
1373 2077 1572 2153 communis
1591 2079 1751 2156 omniurn
1769 2079 1826 2154 est

156 2138 576 2293 {Iscfflsf'un'osententin
628 2177 739 2253 Anno
763 2179 886 2280 1673,
913 2199 953 2255 ut
973 2177 1096 2256 scribit
1113 2175 1439 2268 llammerschmid,
1461 2201 1543 2254 cum
1569 2177 1697 2256 levato
1718 2183 1826 2258 insto

228 2248 248 2310 ⁸
276 2241 308 2308 μ
380 2277 684 2378 transpositisque
710 2278 894 2380 plerisque
922 2276 1202 2380 sepulchralibus
1229 2278 1406 2380 lapidibus
1427 2275 1604 2370 vsacellum
1641 2280 1828 2381 integrum

382 2378 445 2454 dic
464 2403 486 2480 9
507 2380 730 2480 Septembris
746 2401 963 2457 renovatum
980 2376 1119 2472 suisset,
1146 2403 1281 2482 corpus
1303 2378 1459 2474 ejusdem
1478 2380 1516 2455 o.
1538 2379 1681 2458 Milndae
1697 2382 1827 2458 inven-

380 2498 459 2556 tum
487 2479 561 2570 esi,
581 2481 624 2556 ad
645 2481 744 2578 quod
772 2483 1021 2560 honorandum
1051 2501 1126 2558 tum
1159 2479 1310 2582 presens
1338 2481 1538 2580 Imperator
1562 2481 1772 2580 leopoldus
1796 2483 1822 2562 1.

381 2605 532 2683 quoqne
551 2580 691 2683 recellit
701 2605 712 2667 ς
743 2581 827 2660 Fuit
845 2601 965 2659 aurem
976 2611 997 2672 ,·
1014 2582 1132 2681 inquit
1149 2581 1419 2670 idem.author.‚·
1438 2585 1588 2658 inuenta
1601 2587 1683 2676 Jine
1700 2580 1826 2662 tuniba

386 2688 424 2762 in
442 2687 562 2782 tritta
570 2686 763 2779 fornicata
785 2681 917 2774 'arena
945 2681 1065 2781 &snb
1082 2687 1195 2786 capite
1219 2701 1436 2759 excecatum
1459 2683 1605 2784 lapidem
1613 2685 1828 2782 permodunr

379 2787 521 2862 ranrlis
538 2781 688 2872 dalens,
715 2711 830 2860 vestro
847 2787 975 2884 capitis
993 2787 1086 2860 illius
1092 2787 1147 2882 stc
1165 2781 1262 2859 odda
1287 2802 1306 2859 t
1314 2838 1327 2873 ‚
1343 2812 1387 2860 ac
1395 2787 1438 2878 st
1444 2786 1496 2858 illi
1503 2784 1706 2876 cccreofft
1714 2839 1727 2872 ,
1730 2806 1830 2887 porr

374 2884 535 2985 funiculi
553 2911 581 2956 c
596 2885 726 2980 rostrrin
736 2883 819 2986 jum
832 2884 978 2982 putridi
998 2887 1037 2959 in
1053 2881 1213 2961 monibus
1279 2887 1360 2978 stt,
1385 2883 1425 2958 de
1442 2887 1570 2988 granis
1587 2899 1709 2956 autem
1728 2887 1831 2982 rosa.

382 2987 436 3061 rii
452 3010 514 3057 nec
532 2988 671 3058 unicum
685 2986 966 3084 rapertumfluit.
1021 2985 1182 3064 Habitus
1188 2987 1352 3086 ſspericr
1384 3011 1452 3060 unc
1474 3009 1556 3058 cum.
1558 2981 1664 3084 plicis
1680 2984 1829 3096 integer

382 3088 423 3160 ui
434 3108 495 3169 us,
515 3085 631 3183 postea
646 3099 764 3158 autem
775 3101 929 3188 propter
938 3111 1104 3192 cingnum
1120 3085 1296 3162 bicotus-eru
1301 3088 1424 3186 firotlli
1435 3085 1509 3184 post
1527 3083 1667 3189 longum
1687 3101 1824 3189 tempus

386 3198 516 3281 ruptus
523 3185 615 3281 ficit.
687 3184 757 3259 Sed
785 3186 953 3282 peccavit
972 3189 1009 3262 in
1032 3186 1281 3284 antiquitatem
1307 3185 1821 3285 gravillimeflammersclmri-

386 3283 487 3368 dios,
516 3307 596 3359 cum
616 3302 751 3384 partem
773 3285 867 3362 illum
886 3283 1041 3364 funiculi
1059 3286 1099 3362 in
1116 3287 1273 3362 monibus
1301 3289 1339 3366 B.
1361 3287 1501 3364 Miladae
1533 3285 1753 3386 superstitem
1771 3309 1816 3362 ex

381 3381 523 3462 rosario
543 3379 607 3460 seu
627 3407 760 3462 corona
782 3387 820 3462 Β.
832 3388 882 3463 V.
896 3387 1042 3474 Maria,
1069 3409 1138 3485 qua
1156 3388 1265 3464 hodie
1289 3409 1367 3464 eam
1391 3411 1631 3477 veneramur,
1654 3383 1721 3462 else
1736 3407 1814 3462 cre·
1848 3415 1851 3422 ¹

386 3484 494 3566 didit.
522 3483 701 3581 Ejusmodi
720 3509 831 3586 grana
849 3489 874 3564 fi
894 3487 933 3562 in
952 3485 1072 3572 loculo
1090 3483 1188 3562 illius
1205 3508 1352 3586 reperta
1370 3485 1534 3578 tollent,
1554 3485 1820 3588 nunquomarei

160 3587 527 3693 mapppmperiticae
538 3587 674 3764 peritis
694 3611 763 3688 pro
782 3607 874 3663 vero
892 3607 1048 3688 corpore
1061 3587 1254 3666 nnoilaoae
1270 3589 1428 3668 estimari
1447 3585 1634 3689 potuisset.
1683 3589 1770 3666 Nam
1781 3607 1824 3664 ut

153 3685 534 3796 parmpraflresleo
561 3690 673 3766 vertit
689 3687 943 3776 Mobillonius,
969 3710 1099 3766 verum
1117 3687 1257 3788 quidem
1274 3689 1345 3779 est,
1374 3693 1472 3790 quod
1502 3689 1627 3766 seculo
1653 3687 1825 3789 praesente

203 3797 207 3806 '
387 3790 515 3888 jamB.
526 3790 647 3890 Virgo
665 3813 734 3890 per
753 3785 996 3866 salutationem
1017 3793 1101 3865 Ave
1121 3789 1249 3867 Maria
1274 3791 1348 3867 coli
1375 3793 1555 3889 coeperit:
1587 3809 1741 3868 attamen
1766 3790 1827 3868 ills

390 3913 466 3968 noo
484 3889 667 3968 dicebatur
686 3891 751 3968 nili
767 3888 878 3990 usque
897 3891 942 3968 ad
971 3889 1106 3967 verbo:
1133 3891 1347 3969 Benedictus·
1358 3895 1498 3986 fratirs
1526 3899 1667 3970 uentris
1686 3897 1743 3970 tui
1760 3891 1831 3990 Je-

376 3994 445 4095 sus
461 3993 591 4069 Amen.
642 3991 721 4069 Nec
741 4012 819 4070 mos
841 3991 906 4069 iste
922 4009 1000 4068 turn
1019 3987 1112 4082 suit,
1139 4011 1179 4068 ut
1196 4015 1306 4092 manc
1335 3989 1398 4069 seu
1427 3990 1556 4067 calculi
1576 3989 1831 4094 subigerentur

394 4089 590 4182 tuniculis,
614 4093 708 4169 bene
731 4116 827 4191 uero
845 4093 914 4187 jum
934 4091 1001 4170 illo
1019 4088 1261 4190 &superiore
1279 4091 1404 4172 seculo
1423 4089 1632 4170 consuetum
1651 4111 1835 4193 eratprte-

329 4241 332 4250 ·
392 4191 519 4276 sertim
538 4188 906 4280 coavefis'fraoibus
923 4191 1175 4274 &eremicolis
1184 4191 1481 4298 corrumpendum
1495 4215 1623 4290 omre,
1634 4195 1837 4374 qmipim‘
