3932 4796
695 333 949 418 Bassam,
976 353 1011 410 1.
1066 352 1128 430 14.
1306 345 1311 356 ·
1511 341 1566 440 ῃ

165 473 322 558 nomo
338 479 491 584 Inmerio
503 493 674 582 perpetuo
690 476 736 558 ἔθ’
753 469 1064 576 omninofiab³ecit.
1133 474 1204 556 Sed
1222 476 1428 580 complures
1453 475 1618 559 authoris

166 580 267 658 istius
285 581 382 658 eirca
399 578 521 680 gentis
542 577 670 655 nostre
688 579 871 656 historiam
894 523 1193 656 haliueiuationes
1205 583 1439 680 convincunt,
1458 599 1541 654 eum
1561 576 1619 652 iu-

168 682 301 759 dicium
320 680 409 757 illud
427 681 473 756 ds
495 683 604 758 Nova
625 679 767 757 Colonia
788 675 851 756 seu
865 677 1048 756 hodierno
1068 678 1215 756 Coliuio
1233 701 1308 756 non
1325 679 1488 768 aliunde,
1514 695 1618 776 quam

169 803 219 858 ex
236 778 463 861 witichindi
483 781 626 857 verbis:
652 777 738 857 urbs
757 807 833 888 qaae
853 777 1126 882 ntmcupabatar
1145 781 1255 858 Nova
1273 803 1342 882 per
1371 775 1628 874 conjeomram·

167 882 319 984 aliquam
336 875 581 981 desumpfiise,
598 898 639 957 ut
655 883 808 969 nabsan,
823 901 903 978 que
919 877 984 956 suo
1004 899 1173 984 tempore
1190 880 1299 960 Nova
1322 879 1474 958 Colonia
1492 876 1621 978 appel,

165 981 238 1061 lata
254 984 326 1074 est,
355 986 446 1062 huic
474 979 586 1082 ipsam
610 978 880 1058 aWiuchindo
899 981 1077 1080 proditam
1094 1003 1223 1058 novam
1242 983 1367 1062 urbem
1386 974 1619 1056 fuiffecuedi·

166 1081 278 1162 derit.
325 1083 527 1160 Dubrauius
543 1079 662 1159 seculi
679 1081 769 1184 XVI
784 1081 925 1180 patrius
943 1078 1228 1184 scriptor,iibro
1254 1082 1384 1181 quinto
1405 1077 1498 1156 nihil
1521 1078 1619 1156 hefi·

167 1201 278 1273 tans,
314 1181 663 1282 circumstantiiaque
683 1181 877 1276 obsidionis
893 1182 1021 1258 mirum
1040 1199 1208 1298 quantum
1227 1179 1619 1282 uariatisBoleslaviam

166 1286 296 1360 arbem
314 1281 497 1370 nominat,
525 1281 686 1380 adquam
717 1280 919 1362 Bol'esiaum
944 1281 1167 1360 deditionem
1196 1281 1332 1359 Ot‘toni
1357 1275 1483 1358 fecilse
1511 1278 1615 1370 vult,

171 1403 303 1481 magno
329 1381 427 1458 fimul
454 1381 707 1480 eurouologiae
733 1380 859 1469 uitio,
887 1404 965 1460 cum
1003 1383 1222 1460 obsidionem
1255 1381 1359 1476 hujus
1391 1381 1489 1457 urbis
1514 1381 1616 1480 prio.

171 1503 252 1558 rem
278 1481 514 1558 translatione
542 1482 710 1580 corporis
734 1484 767 1560 S.
789 1478 1010 1560 Weaceslai
1031 1479 1172 1582 defigit.
1248 1483 1467 1560 Dubravium
1493 1477 1614 1580 poste,
1623 1449 1847 1602 BWW'

169 1582 294 1658 riores
311 1581 428 1676 secuti
455 1601 579 1656 omnes
596 1599 669 1656 tum
686 1581 820 1670 nostri,
837 1597 913 1657 tum
941 1582 1050 1658 etiam
1080 1583 1212 1684 quique
1235 1583 1377 1672 exteri,
1404 1599 1409 1608 ·
1434 1581 1536 1660 uibus
1560 1575 1613 1654 as·
1649 1561 1728 1621 W·
1753 1555 1845 1626 ’Μ’

168 1680 340 1758 sertionis
359 1679 426 1758 sua
442 1679 534 1758 haud
555 1680 649 1756 aliud
669 1677 938 1757 fundumentum
960 1684 1033 1771 est,
1061 1706 1162 1782 quam
1196 1683 1295 1784 quod
1317 1703 1375 1760 eo
1393 1607 1499 1782 piane
1521 1637 1677 1757 tems*
1724 1761 1727 1766 ,

168 1803 264 1882 pore
283 1781 485 1860 Boleslauia
502 1779 654 1880 primum
680 1781 827 1861 condita
843 1780 986 1880 legatur
1015 1783 1052 1856 in
1073 1783 1221 1874 colina,
1249 1807 1326 1884 qua
1356 1783 1513 1884 proinde
1537 1801 1615 1857 me.

168 1882 245 1959 rito
261 1907 329 1982 pro
347 1909 443 1962 aava
459 1878 547 1960 arbe
564 1869 832 1959 aWitichiudo
853 1881 1130 1979 prodirahaberi
1148 1883 1289 1960 debeat.
1340 1885 1396 1960 At
1405 1879 1615 1960 Witichin.

167 1981 236 2058 dus
256 1983 380 2075 verbis
400 1977 573 2081 expressas
590 1980 664 2058 ait:
691 1978 778 2058 urbs
797 2009 873 2090 quae
886 1980 1465 2160 nuncuffbatumnova,nonqua
1482 2001 1615 2059 recens

167 2101 229 2160 aut
244 2084 395 2160 noviter
411 2081 559 2158 condita
578 2081 644 2158 est.
679 2080 761 2157 Nec
777 2103 872 2158 vero
893 2083 998 2158 Bolos
1034 2083 1120 2174 via,
1139 2085 1184 2160 de
1211 2107 1281 2183 qua
1302 2084 1362 2166 hic
1384 2082 1523 2175 sermo,
1548 2101 1614 2158 un.

169 2206 272 2283 quam
291 2205 395 2260 nove
411 2182 509 2258 urbis
527 2202 662 2258 nomen
684 2175 799 2258 tuliffe
818 2183 968 2282 legitur.
1029 2185 1070 2260 Iu
1088 2181 1323 2284 gravissimum
1343 2207 1507 2262 errorem
1553 2179 1616 2257 ro-

167 2280 287 2382 lapsua
304 2283 358 2360 est
376 2281 581 2378 Fabricius,
606 2281 667 2382 qui
684 2281 895 2383 hodiernam
914 2281 1054 2361 Novam
1074 2286 1197 2362 urbem
1209 2283 1423 2385 Progeniem
1435 2283 1496 2362 seu
1547 2304 1615 2358 eo·

172 2379 320 2480 Pragam
341 2401 492 2481 quatuor
510 2380 645 2458 seculis
669 2381 848 2480 posterius
869 2407 889 2458 a
914 2386 1047 2460 carolo
1076 2387 1132 2464 Ν
1148 2387 1328 2463 conditam
1344 2381 1614 2464 aWitichindo
1763 2459 1765 2464 ,
1854 2445 1860 2462 .

173 2477 364 2558 iudicatam
384 2474 489 2555 suilie
511 2479 678 2558 credidit.
739 2482 794 2560 At
818 2504 925 2560 vero,
940 2483 967 2559 F
968 2486 1169 2562 rodoardus
1188 2511 1255 2586 per
1274 2509 1407 2564 nomen
1422 2487 1612 2586 proprium

172 2579 279 2674 nujus
298 2580 397 2656 urbis
417 2579 549 2656 Pavido
569 2581 746 2678 proditum
772 2577 994 2670 manifestum
1016 2587 1215 2684 posteritati
1248 2588 1399 2685 reliquit
1425 2585 1611 2672 iudicium,

170 2701 246 2758 nou
266 2679 366 2756 aliam
385 2681 509 2756 iurbem
531 2673 636 2756 fuiffe
655 2705 755 2782 quam
775 2681 1031 2782 Pragam,uve
1042 2686 1267 2764 librariorum
1283 2685 1469 2764 oscitantia
1478 2703 1612 2788 vocem

135 2782 261 2858 ‘hanc
276 2797 504 2879 corruptam,
520 2781 596 2856 five
614 2774 766 2856 fortaffis
784 2781 856 2857 abi
884 2781 922 2860 so
938 2783 967 2862 F
967 2785 1150 2862 rodoardo
1169 2788 1381 2864 diminutiva
1397 2811 1512 2888 greca
1533 2805 1609 2862 ter·

165 2881 364 2958 minatione
381 2883 515 2988 stagia
539 2881 709 2988 Pragidis
735 2881 783 2956 dew
808 2808 978 2962 industria
991 2887 1053 2964 'ita
1072 2887 1239 2969 inflexam
1272 2889 1451 2981 dicaums,
1472 2909 1511 2966 ut
1537 2887 1610 2962 Mi·

92 3031 96 3038 ·
171 2981 424 3082 ero-Pragam
449 2975 617 3058 obieiiam
632 2975 737 3058 fuiffe
760 2984 891 3058 clarius
907 2985 1094 3068 iudicaret.
1152 2990 1239 3065 Eam
1268 3008 1372 3066 certe
1398 2990 1522 3066 urbem
1550 3009 1610 3064 an.

167 3080 322 3179 tiquitus
353 3085 497 3159 Novam
520 3084 708 3159 civitatem
730 3083 944 3182 appellatam
961 3083 1087 3179 fuiffe,
1104 3088 1174 3184 jam
1194 3091 1234 3166 P.
1258 3089 1304 3168 11.
1332 3114 1369 3190 p.
1389 3101 1461 3188 382
1478 3088 1610 3172 cuaeuis

65 3209 74 3226 ¹
136 3255 141 3267 ,
168 3181 393 3259 documentis
423 3181 654 3260 ostendimus.
715 3186 1084 3288 Contendit.quidem
1101 3191 1142 3268 R.
1169 3190 1209 3268 P.
1227 3190 1610 3282 Athminsius,Micro.

171 3279 320 3381 Pragam
340 3303 414 3358 uon
427 3281 528 3382 prius
545 3309 674 3360 novam
694 3287 882 3363 civitatem
899 3289 1245 3394 appellatam,quaua
1263 3296 1498 3370 circaauuum
1511 3315 1607 3394 1253

163 3409 233 3566 fito
252 3385 335 3478 teste
356 3387 603 3461 continuatore
624 3384 897 3486 Cofiuamultum
912 3387 1083 3492 enudata
1099 3395 1154 3487 est.
1215 3395 1286 3470 Sed
1296 3390 1359 3470 suo
1378 3411 1544 3490 tempore
1561 3419 1609 3479 eu

208 3483 416 3560 eliteniibus
437 3483 687 3586 diplomatibus
717 3484 1171 3578 ostensurid'umusaetiam
1190 3493 1302 3571 maulto
1321 3492 1421 3592 prius
1439 3513 1514 3574 eam
1536 3495 1608 3576 noo

166 3607 300 3664 nomen
316 3579 450 3661 tuliil'e.
508 3584 762 3666 Witichindus
788 3611 869 3666 cum
894 3590 997 3666 fimul
1024 3619 1190 3708 uauguam
1218 3594 1345 3670 urbem
1369 3591 1544 3692 appellat,
1565 3593 1610 3678 ad

10 3691 21 3702 “
168 3682 367 3799 universam
386 3685 533 3786 Paagam
544 3705 614 3764 tam
625 3687 796 3783 majorem
807 3695 917 3781 trans,
928 3714 1033 3792 quam
1042 3713 1218 3768 minorem
1228 3693 1281 3768 cis
1293 3691 1498 3769 Moldauam
1512 3696 1609 3773 fitam

167 3785 439 3884 seipsumque
450 3791 672 3892 omniuo‚ut
688 3811 731 3864 re
750 3787 825 3890 ipsa
834 3787 928 3881 fuit,
950 3791 1001 3868 ita
1025 3792 1067 3866 ab
1087 3792 1253 3870 omnibus
1278 3793 1387 3869 etiam
1420 3794 1609 3874 veteribus

164 3907 238 3985 pro
256 3889 486 3998 magnaurae
506 3884 624 3988 paffim
639 3890 761 3990 agnita
779 3891 844 3968 est.
896 3893 944 3968 Et
960 3913 1055 3970 vero
1071 3893 1099 3970 fi
1118 3891 1328 3972 obfidionis‘
1339 3893 1610 3974 circumstantie

163 4011 184 4064 a
202 3983 442 4064 Wsuchindo
458 3988 610 4087 prodita
630 3989 667 4068 iu
694 4011 845 4068 examen
865 3989 1109 4088 deducantur,
1137 4017 1212 4072 noa
1229 4018 1280 4072 ea
1297 3995 1609 4078 commodianae·-

160 4087 311 4187 uosque
341 4109 444 4187 quam
471 4087 518 4166 de
545 4091 659 4193 Praga
686 4092 865 4192 explicari
883 4088 1037 4194 ponunt.
1100 4097 1225 4183 Maur
1239 4096 1334 4174 enim
1353 4097 1465 4198 Praga
1480 4097 1609 4198 (quod

159 4207 299 4268 aomea
312 4185 375 4266 illa
387 4239 403 4284 ,
427 4187 486 4268 uti
503 4187 538 4272 da
553 4183 667 4300 nitere
681 4193 830 4302 amoris
842 4247 857 4290 ,
883 4191 1127 4301 autiquiffimis
1136 4198 1364 4306 temporibus
1372 4201 1477 4302 tulit.)
1489 4219 1608 4276 mum»

785 4355 789 4362 .
1462 4317 1554 4400 pen.
1648 4353 1651 4360 .
