3832 4808
5 511 10 608 l

5 609 9 662 r

5 691 10 764 l

622 317 867 402 donarunt
889 343 966 401 nn·
998 343 1038 415 4,
1445 285 1564 426 4ng
1640 391 1648 405 ,

107 481 266 580 Comes
286 505 451 574 auream
483 475 659 595 namu,
693 496 786 600 quc
814 477 983 572 Slavico
1011 477 1214 572 idiomate
1241 478 1357 570 idern
1389 507 1554 578 nomen

105 643 249 738 notat,
263 621 315 712 -in
341 647 492 736 canapo
516 623 697 712 caeruleo
722 648 799 737 pro
821 619 946 708 aruris
970 620 1221 738 generisque
1238 619 1544 746 insignibusflge·
1602 675 1807 765 Wffoeen:

5 787 9 866 l
105 766 242 858 rebat.
278 741 329 848 (l)
374 756 551 850 Divitiae
588 785 646 852 ex
672 759 941 876 plurimarum
982 757 1203 870 regionum
1237 759 1783 876 castrorumquenmrotnnm

5 923 7 968 ²
63 952 71 979 κ
102 897 334 998 aecellrone
350 893 599 1015 copiosaque
619 894 767 988 sobole
793 911 1001 1012 perpetuo
1028 894 1158 1005 audie
1178 922 1234 988 eo
1266 896 1543 1010 arrogantiam

1550 859 1732 934 strnounic.
1787 905 1791 914 .

101 1045 362 1164 posterorum
384 1035 502 1148 hujus
524 1035 663 1150 gentis
686 1023 999 1148 incenderunt,
1023 1051 1071 1126 ut
1099 1031 1295 1126 felicitati
1327 1031 1409 1127 suae
1440 1039 1549 1129 haud

103 1175 259 1297 aliquid
277 1171 416 1266 deelle
438 1193 658 1289 putarent,
681 1200 805 1292 quam
826 1167 989 1264 Ducale
1012 1199 1169 1266 nomen
1180 1245 1197 1298 ‚
1217 1175 1438 1290 totiusque
1461 1193 1550 1268 ter·

8 1333 21 1346 “
102 1350 161 1414 tc
178 1315 479 1434 principatum,
506 1339 631 1432 quem
656 1337 752 1404 cunr
777 1311 923 1430 primis
942 1311 1077 1428 stirpis
1096 1311 1178 1409 sue
1200 1309 1689 1454 capitiKochaqum
1708 1385 1775 1456 m
1848 1337 1851 1342 ·

102 1456 280 1550 evenire
302 1451 526 1567 cupiebant
543 1521 557 1565 ,
575 1450 689 1569 quod
707 1469 853 1542 tamen
896 1453 1003 1542 haud
1037 1451 1162 1545 aliter
1195 1481 1320 1574 quam
1340 1415 1718 1553 erumnamim.

102 1587 360 1693 Paeimislca
383 1591 585 1706 progenie
604 1586 649 1680 le
672 1587 972 1682 consecuturos
1004 1585 1235 1706 sperabant.

101 1807 107 1816 .
212 1729 340 1845 Diei,
361 1729 572 1844 cujusdam
597 1729 779 1822 diluculo
800 1729 942 1820 aderat
970 1756 1026 1820 ex
1049 1733 1247 1825 condicio
1268 1732 1313 1821 in
1333 1726 1539 1850 Principis

100 1872 257 1994 palatio
283 1865 644 1960 erloveciorum
685 1897 772 1958 non
800 1869 1142 1964 minimamanus
1174 1867 1427 1984 Jarourirunr
1462 1870 1538 1990 spe

98 2011 308 2123 malacim
330 2035 452 2124 quam
473 2029 592 2100 ortus
610 2007 696 2100 diei
729 2009 840 2100 illius
862 2008 1166 2122 pollicebatur,
1197 2012 1249 2102 ad
1261 2011 1529 2102 venationem
1542 2044 1779 2135 ermja

70 2151 306 2260 invitans,
327 2173 410 2238 nec
429 2149 594 2266 quievit
614 2148 754 2262 prius,
789 2173 912 2266 quarn
942 2146 987 2238 id
1015 2150 1181 2264 optimo
1211 2148 1397 2266 nihilque
1420 2139 1714 2241 rodemiam

96 2285 320 2404 suspicanti
340 2281 452 2376 Deci
474 2284 752 2400 perfunderet.
839 2281 1005 2380 Prodiit
1034 2313 1138 2400 ergo
1159 2283 1388 2400 Jaromiruo
1409 2287 1453 2378 in
1474 2215 1693 2380 vinnom.

100 2434 221 2518 oinos
253 2421 377 2518 liltus
410 2444 555 2514 contra
597 2423 760 2518 Mizam
787 2423 962 2516 fluvium
984 2424 1125 2516 mistus
1168 2425 1541 2522 erloveciorurn

98 2565 230 2680 globo
249 2563 450 2654 duntaxat
472 2565 634 2685 duobus
663 2566 934 2676 venationum
959 2565 1158 2677 magistris
1189 2562 1378 2656 Howora
1410 2585 1538 2683 atque

99 2702 333 2810 Hrziwecz
355 2702 539 2819 stipatus.
608 2702 788 2817 Coniugi
809 2697 1006 2816 Ja'ramiri
1025 2701 1537 2796 nourineStrzislrcdomi

96 2845 230 2955 adhuc
252 2842 297 2932 in
316 2839 428 2933 ledio
454 2840 612 2934 reliclae
636 2843 796 2936 interea
821 2869 895 2960 per
916 2839 1120 2932 somnium
1141 2841 1302 2976 species
1315 2843 1536 2935 imminen-

96 2986 204 3084 tium
226 3008 364 3073 rerum
396 2983 566 3076 crelitus
591 2979 746 3074 ostensa
764 2984 836 3074 eil.
882 2966 933 3066 (e)
970 2977 1119 3074 Visum
1132 2983 1173 3072 ei
1185 3009 1338 3101 nempe
1347 2979 1391 3074 S.
1408 2977 1548 3096 Joans

96 3149 198 3216 nem
217 3120 330 3212 ledio
352 3119 427 3212 suo
453 3121 676 3214 adstantem
695 3123 886 3238 intueri,
909 3121 1292 3240 admonentemque
1304 3119 1532 3216 desummo

96 3262 237 3354 mariti
254 3260 441 3378 periculo
454 3253 514 3351 'ac
535 3259 850 3378 precipientem
883 3278 1035 3378 preter
1055 3287 1215 3352 moram
1235 3261 1531 3379 quinquaginta

94 3419 276 3508 armatos
297 3399 341 3488 in
356 3397 498 3490 vicum
520 3397 670 3491 Heslro
695 3401 942 3515 expediret,
983 3381 1041 3489 (d)
1075 3397 1307 3492 offensuros
1318 3398 1432 3499 isthic
1441 3425 1533 3490 cer·

94 3560 165 3642 tos
188 3540 350 3632 indices
373 3539 425 3628 ad
448 3525 579 3655 ipsum
601 3535 729 3656 usque
748 3537 1002 3658 Principem:
1072 3528 1381 3656 Experg'efadia
1398 3538 1533 3631 limul·

95 3707 178 3798 que
198 3677 401 3772 exterrita
421 3677 607 3770 Strzislra
627 3680 763 3796 paruit
784 3683 1005 3797 extemplo
1035 3681 1196 3772 coelesti
1225 3675 1332 3779 viso.
1414 3675 1529 3770 Inte·

93 3847 165 3912 rea
188 3819 368 3912 distracia
397 3845 473 3936 per
494 3819 612 3910 salvas
642 3821 857 3912 venatoria
879 3824 997 3912 turba
1028 3816 1291 3910 erlovecii
1320 3837 1528 3934 perpetuo

92 3957 200 4068 latus
220 3953 413 4070 Jaronriri
448 3961 622 4066 cinxere
648 3960 916 4078 quaeritantes
941 3963 1057 4052 illum
1077 3959 1276 4048 inlocum
1297 3955 1526 4050 solitarium

91 4081 306 4220 pellicere.
392 4095 647 4212 Perductum
665 4099 837 4194 tandem
856 4101 901 4194 in
924 4118 1116 4196 montem
1139 4095 1296 4200 Wel'ra
1315 4099 1526 4206 uiolenter

141 4265 632 4395 Parralvmrmanllnoae.
749 4268 861 4374 ἂψ]
903 4311 905 4315 ,
1377 4285 1479 4370 equo
