3932 4796
713 333 1003 426 detestat.
1061 359 1124 439 29.
1484 429 1488 442 ¹
1519 355 1591 436 151

170 533 177 546 ·
218 531 225 542 -
285 483 337 574 (ο)
364 477 547 558 Sandelius
572 475 610 572 in
631 481 799 558 versione
818 482 1027 582 germanico
1049 479 1205 580 Hagecii
1226 503 1297 560 non
1325 482 1437 582 ponit.
1456 483 1621 562 Domini·

1 630 2 658 ι
168 603 249 660 cam
270 585 424 676 Latere,
436 581 496 660 led
512 578 730 682 Judicasseu
748 583 1034 680 Piffonis,'meo
1042 583 1191 682 quidem
1209 576 1406 679 sententia,
1426 605 1500 660 non
1516 583 1618 664 sliam

1 689 2 698 '
34 680 40 690 ⁴
167 687 224 761 ob
243 685 565 782 rationem-quum
582 679 669 781 quia
694 682 809 760 adhuc
839 707 916 776 aevo
946 683 1010 760 luo
1028 683 1067 759 in
1094 683 1345 782 patrianostra·
1367 686 1459 778 ritus
1478 686 1619 781 ejusce.
1678 703 1680 712 “

78 777 87 787 “
172 783 271 860 modi
293 783 451 886 reliquie
467 783 570 869 ,inter
593 803 728 881 pueros
748 783 955 884 puellasque
974 784 1100 860 eodem
1125 783 1313 862 [lominica
1332 781 1499 860 Pallionis
1521 786 1618 863 obti-
1632 790 1703 850 Vide
1713 791 1852 874 Jamsp.

173 904 310 979 nuere,
329 907 405 985 quae
415 940 428 976 ‚
446 903 617 984 quantum
633 883 802 974 memini,
829 883 946 962 adhuc
965 883 1077 983 usque
1094 883 1137 960 ud
1146 883 1278 962 bellum
1290 883 1617 963 Gallicumunnurn-
1629 872 1849 975 Zmitengjler.

169 1007 244 1086 que
266 1001 359 1089 1741
383 986 501 1085 ngae
522 982 791 1085 perduravere,
811 984 928 1060 donee
947 983 1058 1060 Gallis
1067 983 1214 1084 Prognm
1224 983 1615 1076 tenentibus‚oblldio-
1627 961 1660 1104 ὀί
1699 957 1853 1078 ΨΜ

172 1109 292 1189 neque
312 1082 435 1186 preliis
453 1085 571 1160 emori
590 1081 732 1183 penitus
751 1103 958 1184 coeperunt.
1009 1083 1104 1162 Idem
1124 1084 1225 1160 locus
1246 1083 1402 1162 Sondelii
1421 1087 1613 1170 verosimil
1655 1061 1751 1110 ‘'as“
1799 1099 1802 1104 ’

168 1189 257 1264 lime
275 1185 391 1265 onl'am
413 1165 717 1284 prebrtit'err·oris
738 1185 911 1262 Michaeli
929 1184 1256 1284 Frencello,-quod
1285 1185 1507 1264 Dominietm
1535 1186 1614 1264 Le·
1625 1180 1844 1292 maiomam.

172 1307 255 1366 tare
275 1306 398 1362 atram
420 1283 627 1360 dominicam
655 1288 718 1364 otu
749 1283 932 1382 [mutum
952 1283 1134 1380 &aaron
1162 1286 1331 1387 appellari
1351 1286 1457 1366 dicat.
1526 1286 1677 1367 Nonum

176 1388 272 1465 enim
293 1384 480 1470 [lominica
498 1384 659 1474 Leture,
679 1380 741 1462 sed
756 1384 893 1489 judica
921 1383 983 1464 seu
1003 1381 1171 1460 Passionis
1190 1385 1265 1477 est,
1297 1411 1372 1486 quae
1400 1386 1613 1504 appellatio·
1701 1481 1704 1488 .

172 1509 257 1564 nem
274 1487 367 1564 hene
383 1484 575 1578 hodiedum
590 1485 752 1575 obtinet,
773 1508 854 1563 eum
872 1487 977 1587 prior
996 1485 1089 1585 apud
1108 1507 1176 1562 nos
1209 1486 1408 1581 ffltuielouti
1444 1489 1502 1565 leu
1519 1509 1613 1589 nup-

173 1587 270 1666 tialis
290 1601 458 1664 vocetur.
518 1587 565 1662 Et
584 1605 675 1664 vero
694 1585 904 1663 Frencelius
933 1585 985 1663 soi
1002 1587 1191 1663 immemor
1219 1588 1342 1688 pollen
1359 1585 1433 1688 ipse
1451 1589 1621 1666 Domini..
1686 1623 1690 1630 ·

172 1711 251 1767 com
270 1681 435 1764 Pallionis
458 1703 578 1764 atram
595 1684 656 1762 seu
675 1688 740 1770 utu
760 1686 1135 1786 [mmotltnfflnulou
1152 1687 1340 1790 appellat..
1375 1687 1459 1792 Jum
1477 1689 1613 1768 metito
1747 1711 1748 1714 ‘

1 1823 2 1834 ¹
66 1847 70 1852 ·
175 1790 318 1870 dubium
337 1788 427 1862 oriri
449 1788 570 1888 potest
586 1787 630 1864 de
648 1786 791 1887 origine
807 1787 898 1864 ritus
913 1786 1019 1883 hujus
1037 1807 1107 1864 tam
1133 1787 1248 1888 longe
1270 1788 1343 1866 late
1368 1812 1414 1868 ue
1433 1811 1611 1892 propago·
1723 1877 1727 1884 ⁴

172 1884 755 1982 ti·‚enaP010noru1ntaossubita
775 1889 1014 1990 eonverfione
1037 1887 1269 1965 &idolorum
1294 1813 1494 1990 abdditione
1514 1893 1614 1990 prin·

165 1992 204 2073 ei
234 1992 306 2068 ium
330 1985 547 2088 sumpserit?
573 1987 691 2066 (duod
709 1989 874 2066 breviter
893 2011 916 2084 5
937 1989 1114 2090 capitibus
1141 1989 1388 2090 completler:
1415 1992 1443 2068 1.
1464 1995 1612 2070 Certum

238 2113 309 2168 nec
342 2087 596 2181 Kadlubeeium
621 2090 748 2185 ejusve
773 2106 1119 2179 commentatorem,
1146 2113 1215 2165 nec
1242 2092 1518 2190 Bognphaluui‚
1543 2112 1614 2168 nee

139 2277 151 2286 ,
169 2193 353 2298 Josnnem
374 2191 547 2268 Polonum
563 2189 721 2267 aliumve
739 2192 962 2271 veteriorem
983 2193 1050 2268 Dlu
1055 2185 1156 2292 gullo
1172 2191 1265 2266 ritus
1275 2191 1380 2286 hujus
1398 2193 1491 2294 apud
1502 2191 1611 2267 Polo-

169 2317 240 2371 nos
260 2315 309 2368 eu
330 2288 433 2392 supra
450 2291 554 2370 alluta
573 2290 718 2367 ratione
736 2291 851 2391 coepti
874 2293 1096 2370 mentionem
1113 2289 1251 2368 facete.
1319 2291 1365 2368 ll.
1394 2293 1518 2370 Fidem
1534 2315 1611 2368 tom·
1682 2347 1686 2350 -
1714 2303 1721 2310 “

172 2415 256 2470 nem
275 2393 423 2468 excedit
439 2415 461 2465 a
479 2393 665 2468 nemone
682 2411 751 2468 taur
769 2409 875 2468 atrox
895 2393 1102 2484 decretum,
1132 2393 1233 2490 quod
1265 2393 1396 2493 procul
1422 2393 1533 2488 dubio
1558 2394 1612 2470 illi

169 2490 375 2594 periculum
391 2492 475 2568 vite
494 2513 536 2568 ac
554 2492 677 2568 throni
693 2487 882 2583 attulillet‚
909 2494 1065 2582 editum,
1084 2511 1128 2569 ut
1155 2491 1214 2569 sub
1246 2494 1356 2582 minis,
1384 2491 1611 2571 confiscatio-

172 2593 230 2670 nis
247 2593 281 2668 &
301 2589 402 2668 exilii
420 2591 462 2668 nd
485 2588 741 2692 suscipiendum
765 2590 971 2692 baptismum
989 2593 1118 2670 Poloni
1138 2615 1264 2670 omnes
1285 2611 1530 2693 cogerentur,
1549 2616 1610 2669 re-

197 2715 244 2770 ue
270 2691 343 2793 ipsa
374 2711 443 2769 tam
472 2693 576 2772 vaste
603 2694 766 2792 regionis
795 2693 922 2771 incole
940 2718 1013 2772 uno
1034 2694 1237 2794 eodemque
1257 2695 1609 2794 diecomperuerim.

168 2717 349 2872 irofemo
376 2817 424 2870 ex
442 2794 616 2896 legitimis
628 2795 786 2872 historiis
803 2792 1024 2875 manifestum
1043 2793 1226 2888 redditur,
1236 2794 1267 2898 J
1268 2796 1440 2874 ordonum
1457 2797 1611 2896 primum

168 2893 387 2972 Polonorum
406 2896 641 2988 Antistitem,
657 2894 749 2974 teste
770 2897 956 2989 Ditmoro,
985 2895 1171 2998 plurimum
1190 2897 1314 2995 polleo
1331 2897 1371 2973 in
1391 2894 1610 2982 Polonorutu

167 2997 406 3074 eonverlioue
422 2993 635 3087 deludalle,
659 2996 694 3072 dr
717 2993 848 3074 seculis
867 2996 980 3078 adhuc
998 2997 1133 3076 duobus
1153 2997 1610 3098 posteriusmmtosEthm

168 3095 289 3172 cosin
308 3097 463 3174 Poloniae
487 3099 798 3188 terrisjnventos.
853 3099 916 3176 lll.
943 3099 1108 3178 (duellio
1124 3098 1267 3178 moveri
1288 3101 1429 3199 potest:
1447 3119 1514 3176 cur
1530 3097 1607 3173 ritu

169 3193 239 3272 ino
253 3191 369 3292 „lolem
388 3199 599 3276 conservata
618 3195 729 3276 suerit
749 3201 922 3278 memori·
947 3202 1127 3278 idolorum
1145 3200 1183 3277 in
1209 3199 1338 3279 flumen
1396 3199 1609 3299 recipitato-

169 3317 276 3384 rum,
292 3317 358 3370 cur
378 3321 450 3390 tion
467 3301 573 3378 etium
589 3302 676 3402 ign-e
692 3298 1005 3402 consumptorum}
1035 3301 1348 3403 ‘contritorumque
1363 3227 1393 3378 ξ
1409 3303 1488 3377 Nec
1516 3319 1610 3376 vero

168 3393 349 3471 credibile
368 3399 588 3478 Medeonem
604 3457 617 3492 ,
634 3419 695 3478 aut
714 3423 779 3476 eos
803 3403 1047 3491 Christianos,
1068 3403 1131 3503 qui
1151 3401 1203 3477 illi
1231 3427 1251 3478 a
1270 3401 1426 3478 eoullllis
1445 3399 1608 3488 fuerant,

166 3496 284 3574 miuus
300 3497 583 3602 circumspedlos
603 3498 728 3592 inille,
758 3519 797 3578 ut
828 3509 882 3580 ne·
904 3503 1197 3602 praemetuerint,
1223 3528 1244 3581 o
1273 3501 1423 3600 veria&
1448 3497 1608 3576 mutabili

167 3597 273 3772 Bleloe
292 3601 365 3676 hec
384 3601 477 3682 idolo
494 3605 683 3706 aliquando
703 3599 841 3680 rurlitm
869 3627 917 3680 ex
942 3603 1145 3681 fluminibus
1174 3601 1400 3701 protrodlum
1421 3602 1478 3680 iri.
1540 3599 1606 3679 IV.

203 3696 258 3776 ies
276 3700 380 3796 hujus
397 3704 488 3783 rimus
507 3705 696 3807 plurimum
717 3704 887 3781 variatim
914 3701 1148 3805 regionibus,
1172 3703 1396 3802 multu-mque
1421 3700 1606 3800 ambiguus
1628 3709 1633 3717 ’

169 3795 233 3872 est.
286 3801 343 3877 Sic
371 3803 465 3883 enim
491 3833 512 3884 a
538 3801 732 3908 Dlugollo,
759 3806 879 3922 primo
904 3805 997 3884 ritus
1022 3805 1125 3899 hujus
1152 3803 1359 3906 prolatore,
1377 3819 1410 3982 Ξ
1427 3800 1606 3882 Martii&

166 3897 311 3996 quidem
333 3898 519 3986 uominica
537 3907 678 3985 Laetate
697 3908 896 3997 indicetur,
915 3931 994 3984 cum
1017 3922 1227 3988 tamentoto
1240 3903 1366 3984 leculo
1427 3927 1604 4006 nunquam

165 3999 509 4086 DominicaLaetare
532 4007 773 4110 in'leptimam
794 4007 916 4085 Martii
935 4007 1129 4110 inciderit,
1172 4008 1244 4107 uod
1263 4031 1341 4084 eum
1382 4005 1605 4085 roculdubin

165 4099 406 4185 Miechovius
420 4112 654 4202 adverteret,
673 4108 848 4210 subsequo
866 4107 926 4186 die
946 4110 983 4186 id
1001 4097 1135 4187 ludium
1146 4031 1295 4194 ieribim
1314 4035 1380 4187 seii
1395 4132 1462 4190 nec
1480 4099 1605 4187 llcdif-

164 4197 363 4288 ficultttetu
381 4209 618 4317 profligavit,
635 4237 710 4318 que
728 4215 826 4294 circa
840 4211 937 4292 nunc
957 4209 1053 4290 diem
1071 4212 1197 4292 eudem
1223 4235 1306 4295 cum
1332 4213 1605 4388 prioreumenlet.

1489 4332 1525 4384 ui
