3900 4814
400 363 473 450 333
780 344 782 354 '
953 351 1127 433 Annos
1156 370 1247 452 994.

371 495 570 577 municams
590 487 735 584 suerat,
762 491 811 569 lic
835 491 931 569 enim
947 492 1029 570 illa:
1057 493 1183 570 “Erat
1201 487 1589 588 inllohemiaquaedatn
1611 488 1821 594 generatio,

372 652 399 692 ‚,
427 621 542 696 quaea
568 595 768 695 pellabatur
789 588 922 670 familia
941 589 1198 684 Wrilsovici,
1224 615 1381 691 quorum
1415 591 1551 690 primus
1572 607 1652 666 erat
1670 589 1731 666 vir
1742 588 1822 666 sce-

373 753 401 791 „
427 619 651 773 leratisrmus
672 695 817 772 nomine
843 695 989 784 Kocan,
1015 695 1114 772 hunc
1147 698 1271 771 beatus
1288 691 1505 768 Adalbertus
1530 691 1826 768 excommunica·

374 855 402 892 „
429 813 538 874 verat
558 795 703 912 publice
721 794 760 871 in
778 795 948 878 Ecclesia.
972 851 1000 888 ,‚
1063 795 1135 872 Hic
1165 792 1260 896 ipsus
1289 793 1437 870 Kochan
1463 787 1725 872 ersovecius
1747 791 1823 883 est,

375 897 441 1001 qui
459 915 596 975 ceteris
615 892 676 974 fax
694 896 729 973 ἃ
749 898 837 973 tuba
855 893 949 987 fuit,
977 895 1020 974 ad
1044 894 1267 998 Jaromirum
1294 893 1419 994 postea
1436 892 1474 970 in
1496 893 1580 971 slva
1605 892 1824 991 alligandum

373 1000 602 1100 indigneque
622 994 876 1100 tristandum,
893 996 1028 1098 quique
1045 997 1202 1074 eunden
1231 993 1464 1173 {attonitum
1481 994 1699 1095 postremum
1732 995 1825 1074 sacci

378 1099 569 1189 confodit,
593 1099 655 1174 hic
674 1095 769 1198 ipsus
788 1097 835 1175 de
854 1121 929 1198 quo
951 1096 1055 1198 supra
1076 1097 1232 1199 Biograp
1259 1119 1327 1187 us,
1354 1100 1412 1172 cui
1428 1123 1506 1182 cum
1524 1091 1828 1198 bonisſsraperlae·

377 1229 428 1280 va
448 1200 614 1278 noluntas
635 1217 741 1286 erat,
768 1217 810 1275 ut
830 1194 961 1372 procul
983 1197 1093 1275 dubio
1118 1198 1215 1298 inter
1235 1215 1396 1274 ceteros»
1409 1197 1556 1272 nomine
1576 1196 1823 1273 excommuni-

300 1376 303 1384 .
369 1302 453 1380 cari
473 1301 650 1377 meruerit
668 1327 688 1377 a
706 1298 830 1379 &Ado
844 1303 961 1380 berto.
1013 1301 1103 1378 Erat
1126 1302 1498 1397 autemhoctetnpore
1519 1292 1828 1389 Wrtloveciana,

351 1488 359 1504 Ι
379 1402 536 1480 omnium
558 1401 596 1476 in
615 1399 786 1476 Bobenia
811 1398 972 1475 ditissima
990 1397 1300 1500 potentissimaqne
1317 1392 1469 1487 familia,
1496 1399 1593 1475 unde
1617 1399 1687 1474 hoc
1706 1398 1828 1475 Sandli

380 1501 574 1582 Adalberti
603 1502 788 1576 anathema
797 1499 835 1574 in
846 1494 1155 1577 erlovecianos
1173 1499 1356 1576 vibratum
1389 1495 1590 1576 universam
1613 1521 1686 1575 uon
1717 1500 1824 1577 modo

382 1627 428 1679 co
456 1601 638 1678 nationem
667 1599 960 1689 Slawnilrianam,
991 1597 1053 1676 sed
1079 1597 1112 1675 dt
1139 1620 1264 1677 omnes
1298 1596 1514 1688 familiares,
1542 1599 1578 1675 dt
1602 1595 1770 1676 fautores
1791 1605 1829 1679 S.

257 1750 264 1763 ·
381 1627 598 1790 Arialberti,
626 1696 797 1800 ipsosque
815 1702 928 1776 Roma
949 1697 1123 1777 adduslos
1145 1699 1345 1776 Monachus
1362 1693 1516 1778 Ordinis
1534 1703 1568 1778 S.
1582 1699 1828 1779 Benedisliin

370 1801 551 1884 summurn
570 1799 701 1876 odium·
719 1801 754 1877 &
774 1798 965 1876 discrimen
981 1799 1159 1890 adduxit,
1187 1799 1284 1902 tpuod
1306 1805 1478 1877 annorum
1516 1819 1671 1900 quatuor
1700 1798 1825 1878 conse·

380 1903 567 2002 quentium
585 1897 700 2002 spatio
719 1920 854 1977 tarnum
872 1898 1118 2002 exasperatum
1134 1899 1205 1990 est,
1234 1917 1277 1977 ut
1296 1897 1417 1977 senior
1447 1895 1561 1978 frater
1587 1905 1622 1979 S.
1635 1901 1826 1982 Adalberti

380 2025 451 2108 pro
471 2000 645 2080 salvandis
665 1999 838 2079 fratribus
858 1998 929 2079 suis
951 2002 1058 2101 plane
1075 2001 1317 2102 patrocinium
1338 2001 1568 2100 Imperatoris
1590 2001 1742 2092 Ottonis
1759 2005 1826 2080 irn-

406 2105 531 2180 locare.
542 2099 694 2180 conclus
713 2105 777 2192 stt,
805 2125 879 2202 quo
898 2123 973 2177 non
992 2101 1154 2178 obstante
1172 2097 1471 2200 quinquefratres
1489 2102 1586 2179 illius
1602 2104 1750 2202 capta&
1765 2105 1828 2183 de·

380 2129 454 2280 seta
470 2203 569 2280 avita
580 2203 728 2280 civitate
746 2201 803 2278 sua
814 2195 1209 2278 crudeliterasaslione
1221 2195 1503 2278 erloveciana
1511 2201 1723 2304 interempti
1735 2201 1825 2298 sunt,

383 2309 420 2383 S.
439 2305 678 2381 Adalbortus·
694 2305 876 2404 postremo
906 2301 950 2380 ad
977 2301 1179 2380 Boleslaum
1198 2301 1373 2378 Polonum
1401 2299 1438 2377 se
1455 2305 1627 2404 recipere
1658 2303 1822 2396 coactus,

372 2405 557 2482 -M-onachi
575 2400 886 2480 Brzevnovienses
905 2423 1032 2489 omnes
1054 2398 1136 2479 fere
1159 2401 1304 2504 dilapsi3
1324 2422 1366 2479 ut
1390 2403 1524 2502 singttla
1549 2405 1640 2482 locis
1672 2405 1737 2486 siris
1761 2429 1824 2483 ao-

384 2506 517 2604 nisque
539 2505 794 2582 enarrabimus.
849 2506 891 2582 ln
910 2503 966 2579 his
988 2499 1168 2606 itaque&
1188 2500 1435 2602 compluribus
1455 2505 1535 2580 aliis
1555 2529 1637 2582 cum
1664 2511 1700 2583 S.
1716 2509 1829 2586 Adol-

384 2605 508 2682 bertus
526 2605 739 2708 adverteret
762 2606 961 2684 Boleslaum
979 2602 1073 2682 suam
1093 2601 1347 2681 auslorirutenr
1369 2626 1443 2682 non
1461 2605 1721 2704 interponere,
1745 2631 1827 2686 narn

386 2725 428 2784 ut
446 2701 590 2800 Cosmus
610 2709 673 2784 aits
697 2724 784 2784 tunc
799 2711 967 2808 temporis
993 2707 1087 2781 Dux
1102 2731 1172 2782 aron
1192 2707 1354 2802 erntflrae
1363 2707 1621 2806 potestatissed
1637 2709 1828 2801 Comitum,
1894 2749 1899 2756 =

388 2808 545 2911 prudens
562 2805 749 2906 prospexit
770 2805 807 2881 se
822 2805 1372 2904 omnemperditurumoperam.
1422 2821 1448 2854 “
1462 2805 1563 2894 Flet,
1589 2806 1710 2902 inquit
1721 2811 1832 2905 prior

385 2965 413 3000 „
441 2909 571 3006 Biogra
599 2909 686 2994 hus,
714 2909 832 2981 bontas
854 2905 995 3006 pastor,
1021 2905 1106 3002 quia
1119 2905 1158 2980 in
1174 2905 1339 2982 morbido
1357 2927 1469 3006 grege
1490 2905 1587 3003 ligna
1604 2901 1725 2982 salutis
1741 2911 1828 2985 nul.

155 2789 158 2798 '
180 2765 383 2870 AprnMabut'

147 2863 208 2950 [tc.
225 2870 264 2936 V.
282 2867 382 2934 Bened.

6 3011 7 3014 ,
115 3019 119 3034 ,
157 2971 187 3038 p.
205 2955 282 3030 859·

383 3063 410 3100 „
436 3008 471 3082 la
491 3008 550 3082 ine
578 3003 823 3104 econspexit.
891 3003 988 3079 Hine
1009 3003 1285 3105 prospeclutdis
1314 3003 1542 3106 sequentibus
1570 3003 1670 3082 malis
1692 3011 1826 3088 oculos
1879 3075 1885 3087 ,

380 3163 408 3204 ,,
436 3106 605 3187 claudere
623 3103 750 3182 voleus
769 3102 884 3179 dulcis
903 3103 1024 3181 Roma
1042 3104 1176 3182 moenia
1192 3108 1329 3188 revisit.
1346 3165 1371 3196 „
1396 3105 1498 3184 Nihil
1515 3128 1609 3183 vero
1626 3108 1741 3206 tnagis
1753 3111 1823 3186 de-

288 3244 292 3256 ,
382 3207 605 3283 lideraverat
619 3207 654 3282 S.
668 3203 907 3296 Adalbertus,
936 3227 1040 3302 quam
1062 3223 1102 3282 ut
1116 3205 1287 3306 Papatenr
1305 3207 1405 3286 suum
1424 3206 1572 3286 Rndlarn
1590 3205 1653 3285 scu
1671 3211 1821 3287 Anasta-

367 3307 469 3388 ·stum
487 3307 664 3384 Abbatem
682 3303 1011 3383 Brzevnoviensem
1035 3304 1102 3382 vire
1128 3309 1297 3384 comitem
1327 3310 1446 3388 denuo
1474 3311 1624 3386 haberet
1632 3335 1647 3399 ‚·
1663 3311 1721 3388 cui
1737 3333 1814 3384 cura

380 3405 499 3485 illese
516 3405 656 3484 sociare
674 3404 1008 3505 tergiversaretur,
1036 3409 1236 3508 Papatistro
1253 3414 1309 3485 ait
1326 3414 1348 3508 (
1357 3403 1468 3488 verba
1489 3407 1816 3488 stmtulteriusllio-
1906 3489 1912 3496 ,

88 3574 92 3584 .
160 3547 231 3620 m
238 3568 270 3637 p·
282 3545 358 3632 357,
386 3511 538 3612 graphi)
551 3511 648 3610 scius
667 3525 825 3598 certum,
842 3504 985 3584 rutubi
1004 3509 1153 3686 effosum
1170 3514 1287 3587 venies
1298 3567 1311 3602 ,
1321 3529 1389 3586 aut
1404 3511 1552 3628 amplius
1576 3539 1631 3588 me
1647 3537 1820 3619 nunquam

377 3607 534 3690 uidebis.
586 3609 695 3688 Hunc
713 3632 806 3687 uero
823 3608 991 3708 Papatem
1048 3609 1228 3687 nastalinm
1250 3611 1371 3690 multis
1388 3611 1549 3688 obnrsum
1573 3605 1698 3703 fuisse,
1723 3628 1820 3692 utne

383 3713 653 3789 S.Adalbertus
675 3709 795 3785 denuo
810 3709 924 3808 Praga
943 3706 1167 3799 discederet,
1194 3735 1239 3787 ex
1261 3713 1393 3798 eodem,
1411 3715 1619 3812 Biographo
1636 3709 1820 3811 cognosci·

383 3829 467 3902 tur,
493 3815 583 3888 adeo
608 3829 650 3886 ut
666 3831 817 3912 cumen
835 3827 1035 3912 propterea
1059 3809 1304 3889 severioribus
1335 3811 1444 3890 etiarn
1473 3815 1679 3990 qmbuspue
1703 3807 1822 3890 verbis

382 3911 682 4010 expostulaverit.
733 3911 880 3987 Scilicet
897 3913 1027 4011 procul
1044 3912 1154 3989 dubio
1173 3911 1376 3991 Anastasius
1395 3931 1592 4009 tanquame
1619 3913 1748 4014 perula
1758 3914 1825 3990 ita-

381 4010 580 4089 minentem
598 4009 845 4114 tempestatem
865 4009 1072 4114 prospexit,
1100 4033 1344 4113 quantumque
1354 4014 1534 4114 repetitus
1545 4013 1612 4090 ille
1628 4015 1745 4092 abitus
1754 4015 1830 4095 eti·
1862 4069 1870 4076 -

383 4133 439 4190 am
468 4112 639 4192 coenobio
680 4112 743 4188 sno
771 4113 945 4190 allaturus
972 4114 1016 4188 fit
1038 4131 1316 4204 nocumentum,
1343 4115 1442 4216 ¹quod
1470 4113 1511 4191 in
1533 4132 1633 4192 tanta
1657 4111 1831 4198 fessionis

257 4255 263 4266 ·
381 4211 673 4316 ersouecianae
689 4212 836 4295 scentia
856 4209 1047 4294 defensore
1063 4214 1330 4294 cariturumlit.
1382 4213 1748 4310 Quidautemsrmilia
1761 4239 1833 4304 ex-

1705 4339 1796 4417 Pso-
