3914 4822
393 267 471 410 oon
812 331 815 336 ·
942 301 1123 394 Annas
1149 311 1238 403 983.

374 445 511 532 senisse
525 449 708 536 arbitror,
735 442 1017 546 praesentemque
1038 469 1169 536 antrum
1190 444 1320 528 merim
1343 441 1488 546 defigo,
1521 440 1836 542 qquesicoPo-

358 553 542 630 *sonorum
567 552 649 626 Dux
670 568 814 634 mortua
835 549 1056 624 Daubrawka
1083 547 1237 628 Boleslai
1259 544 1387 628 sorore
1414 543 1835 721 unamffnsiimonialm
1935 529 1938 594 ¹

376 651 516 750 (verba
529 650 609 728 sunt
620 649 797 742 Ditmar'r)
813 647 854 722 de
863 651 1065 742 monasterio
1077 703 1089 739 ,
1101 648 1197 756 qnod
1208 641 1325 724 Color
1335 649 1470 732 dicitnr
1479 701 1491 736 ,
1557 643 1705 719 biedrici
1717 645 1836 719 Mar-

308 777 329 814 t
376 749 512 830 'chionis
521 752 660 846 filiam,
680 760 695 843 (
704 749 822 826 Odarn
848 749 1141 854 nornineJot'que
1158 751 1326 824 canonica
1354 750 1556 824 autoritate
1575 745 1711 834 duxit,
1740 803 1750 821 .
1780 801 1789 822 .
1818 774 1854 826 ·.,

379 854 476 959 qued
491 856 647 942 consiis,
673 848 791 948 inquit
813 849 1019 939 Di'tnaartm,
1047 848 1207 946 Ecclefiae
1227 846 1441 938 meroribus,
1469 846 1514 924 ΕΤ
1541 848 1697 922 mraxime
1713 847 1835 922 Anti-

245 974 251 982 '
371 958 455 1052 stim·
462 955 595 1052 firirnet
615 949 965 1050 (Hasberstndiensi)
987 946 1180 1028 venerabili
1198 944 1614 1052 Hillibrordadfflicnit.
1667 944 1764 1022 Quo
1776 946 1835 1020 lo-

278 1101 281 1108 *
381 1079 427 1131 co
446 1079 532 1134 eum
552 1053 731 1130 Ditmarus
754 1049 870 1136 dicat,
897 1049 1015 1126 Odam
1041 1053 1131 1134 hane
1143 1047 1417 1128 sassimonialem
1436 1073 1457 1124 a
1481 1047 1666 1124 misecone
1685 1051 1836 1122 canoni-

290 1229 294 1236 .
382 1183 449 1241 ca,
479 1149 540 1229 seu
559 1149 747 1238 Pontificio
765 1150 803 1226 ἃ
819 1151 990 1226 Ecclesiae
1015 1155 1229 1240 ausim-itate
1264 1149 1406 1234 dubium
1426 1143 1706 1245 strider-procul
1720 1146 1837 1224 dubio

327 1287 333 1308 1
382 1253 602 1335 Thiedrictts
626 1250 791 1326 Marchio
819 1248 854 1322 ἅ
877 1249 973 1330 Dedi
1002 1247 1117 1326 affinis
1138 1251 1231 1335 oda
1251 1255 1355 1350 (nam
1386 1247 1545 1328 sororem
1566 1245 1834 1344 Thietburgam

221 1431 227 1443 ,
384 1353 614 1431 matrimonio
624 1347 783 1446 junceam
796 1349 983 1450 habuerat)
996 1349 1097 1448 prius
1110 1351 1473 1432 licentiamaSurnmo
1484 1346 1834 1446 Pontifice,quibus

270 1507 275 1522 .
385 1453 520 1553 quibus
533 1455 673 1530 demum
687 1450 731 1532 de
743 1450 854 1525 causis
866 1447 1067 1548 religiosam
1081 1448 1334 1549 professionem
1348 1448 1638 1537 invalidantibus,
1656 1447 1833 1546 quaesivit,

386 1580 428 1634 ac
451 1553 682 1652 impetrav'it;
710 1551 911 1647 quodcum
935 1551 1200 1632 verosimillime
1220 1571 1350 1650 preter
1369 1546 1841 1626 scitunrHalberstadienfis

385 1652 560 1752 Episcopi
583 1651 617 1726 ὃ(
640 1649 848 1726 consistorii
877 1649 1213 1750 Arcltiepiscopasis
1236 1651 1578 1750 magdeburgensis,
1598 1647 1701 1744 cujus
1724 1672 1836 1728 ruem-

387 1757 492 1838 brum
507 1749 624 1828 ¹etima
645 1750 834 1828 citicensis
854 1748 983 1848 Priasus
1004 1767 1107 1841 erat,
1129 1751 1219 1828 &ad
1241 1775 1333 1850 quos
1358 1751 1471 1828 cans'as
1484 1749 1651 1850 cognitio
1671 1749 1834 1848 pertine·

378 1857 469 1946 bat,
497 1849 633 1930 sussum
662 1848 809 1938 fuerit,
836 1850 906 1926 illis
939 1875 998 1934 res
1021 1847 1174 1942 summe,
1201 1869 1243 1934 ut
1270 1851 1453 1928 Ditmarus
1487 1850 1631 1940 innuit,
1651 1849 1833 1954 dffpsicait.

387 1947 554 2039 Fortassis
566 1953 694 2057 (quod
711 1949 880 2049 suspicari
899 1953 1032 2030 morire
1053 1952 1138 2027 licet
1150 1961 1162 2051 )
1173 1952 1228 2028 illi
1243 1951 1378 2052 nuptiis
1386 1951 1462 2028 istis
1472 1973 1589 2026 tunnas
1602 1973 1764 2052 quasque
1777 1950 1833 2026 ia-

279 2135 286 2142 ,
387 2051 582 2146 jecerunt,
610 2053 644 2128 dr
666 2053 804 2128 nonnisi
826 2048 927 2128 causa
948 2054 1049 2152 prius
1071 2077 1091 2126 a
1114 2050 1149 2127 se
1160 2053 1365 2152 eognita&
1384 2053 1622 2154 pronunciata
1651 2053 1695 2128 ad
1714 2050 1833 2129 Odanr

392 2152 647 2236 extrudendum
667 2175 688 2226 e
709 2151 924 2236 monasterio
952 2149 1156 2240 consentire
1178 2153 1399 2244 voluerunt,
1421 2153 1519 2252 quod
1541 2149 1765 2230 Miseconem
1792 2151 1836 2229 ad

392 2251 649 2368 impatientiam
669 2250 961 2350 provocavimus
972 2251 1445 2331 Boseslauurnosirumlocis
1463 2252 1519 2332 his
1540 2253 1752 2352 propiorem
1777 2276 1835 2330 re-

395 2353 583 2453 quisierit,
605 2371 738 2436 armata
759 2374 864 2427 manu
884 2349 1041 2452 sponsam
1063 2351 1127 2432 ssbi
1145 2380 1166 2430 a
1187 2352 1271 2435 sede
1290 2352 1477 2434 Pontificio
1493 2351 1694 2438 concessam
1714 2354 1834 2434 vindi·

396 2475 470 2536 eet.
510 2453 551 2540 Id
574 2477 655 2530 cum
670 2448 759 2530 secia
779 2451 986 2544 boleslaus,
1011 2454 1289 2556 exercitumque
1308 2456 1346 2531 in
1374 2458 1437 2536 has
1464 2473 1587 2555 partes
1611 2455 1722 2542 misit,
1746 2454 1835 2533 Dedi

397 2555 491 2650 Ode
509 2551 627 2638 'affinis
649 2553 821 2630 militibus
843 2552 1008 2636 ducatum
1030 2556 1202 2654 praestitit.
1272 2555 1413 2656 Siquid
1435 2555 1737 2634 verosrnisterius
1767 2573 1834 2632 tam

397 2655 568 2737 citicensi
591 2652 847 2754 Episcopatui,
873 2679 979 2751 quana
1005 2655 1345 2744 Casvemonasterio
1367 2656 1518 2744 accidit,
1551 2657 1588 2734 id
1609 2656 1835 2735 militurnim-

398 2755 488 2856 puni
508 2755 661 2833 licentiae
673 2753 965 2844 adscribendum,
993 2756 1154 2850 aquibus
1173 2755 1372 2842 raro'iuter
1393 2755 1647 2852 adversantes,
1675 2758 1837 2836 &hostes
1888 2752 1895 2766 ’

399 2853 589 2932 discrimen
609 2853 690 2933 fieri
711 2851 815 2928 solet.
871 2851 969 2929 flua
984 2856 1009 2928 fi
1027 2853 1077 2929 ira
1096 2854 1132 2931 se
1151 2857 1330 2945 habuere,
1357 2858 1533 2936 rationem
1556 2859 1663 2936 etiam
1685 2860 1836 2959 aliquam
1916 2863 1923 2875 '

330 3001 333 3008 ·
398 2955 555 3032 reddere
574 2951 627 3032 sas
647 2955 722 3042 est,
744 2975 814 3030 eur
830 2954 923 3029 Dedi
943 2971 1093 3028 matrem
1115 2953 1232 3049 sunan,
1257 2958 1390 3058 procus
1413 2959 1522 3040 dubio
1533 2959 1589 3036 his
1599 2963 1738 3060 nuptiis
1749 2983 1836 3059 quo
1880 3009 1883 3014 ·

401 3076 474 3152 que
502 3051 771 3141 adversantem,
796 3053 978 3152 captivam
1007 3053 1209 3134 abduxerit.
1285 3056 1471 3134 Postremo
1498 3058 1839 3152 Halberstadiensen

236 3239 241 3247 ¹
369 3151 641 3253 ”Episcopum
668 3151 914 3265 Coslegasque
939 3151 1022 3236 suos
1040 3154 1304 3240 matrimonium
1327 3157 1419 3236 istud
1439 3161 1555 3236 finon
1577 3160 1646 3238 rati
1667 3157 1835 3252 habuisse,

172 3268 326 3332 namon
337 3261 355 3328 1.
370 3271 507 3342 arente
534 3275 608 3329 non
637 3249 890 3332 contradixisse
912 3253 1085 3352 amplius,
1110 3256 1203 3332 haud
1226 3253 1390 3334 obscurev
1412 3259 1534 3337 innuit
1551 3261 1733 3338 Ditmarus
1759 3285 1837 3338 eutr

166 3367 281 3437 ΜΨ·
402 3353 604 3454 lulajturgitr
632 3354 703 3429 Sed
708 3371 858 3456 propter
866 3355 1020 3456 flosorem
1027 3361 1181 3457 petrice,
1202 3357 1246 3434 Ψ
1265 3357 1586 3444 corroborationem
1602 3366 1706 3461 pacis
1727 3353 1835 3455 neces-

273 3493 277 3502 ·
389 3460 501 3558 fiariae
518 3483 587 3544 non
608 3459 709 3534 venit
727 3451 790 3530 hoc
809 3455 860 3532 ad
878 3455 1050 3555 diffidium
1071 3459 1188 3555 (alins
1211 3459 1570 3548 codenemendatius
1589 3457 1692 3534 babet
1710 3457 1831 3530 asnor-

403 3559 524 3658 tium),
534 3557 603 3657 sed
621 3557 915 3636 reconciliationis
934 3563 1106 3634 continnae
1123 3559 1313 3638 untedium
1321 3559 1487 3662 salubre,
1514 3553 1760 3652 subrenirque
1777 3553 1833 3630 in·
1867 3593 1894 3656 9

404 3677 553 3762 gentem
575 3657 666 3736 Ode
686 3657 828 3734 laudem
845 3683 892 3736 ex
911 3657 1057 3762 pietatis
1078 3656 1146 3742 suae
1163 3661 1337 3761 operibus
1353 3662 1390 3738 in
1411 3655 1716 3740 lrocnaatrimon'ro
1731 3671 1840 3734 exer·

405 3759 521 3849 citis,
559 3779 759 3857 quanquam
786 3757 865 3860 ipse
889 3759 1063 3837 sententia
1088 3756 1148 3837 sna
1176 3763 1291 3840 adhuc
1323 3764 1386 3840 has
1413 3759 1552 3861 nuptias
1577 3751 1755 3844 damnasse
1785 3759 1839 3836 vi·

407 3861 557 3943 deatur3
586 3857 875 3958 epiphonematis
897 3861 992 3936 eninr
1008 3859 1117 3937 ‘instar
1137 3861 1317 3960 postremo
1337 3863 1490 3946 claudit:
1518 3861 1685 3966 Legimus
1702 3879 1839 3950 autem,

405 3959 649 4068 qaodjrustra
667 3961 859 4036 Dominum
868 3961 1016 4062 placare
1026 3959 1195 4053 studeat,
1214 3968 1276 4070 qni
1293 3968 1440 4068 inceptae
1449 3968 1665 4069 propqfisnm
1682 3965 1843 4066 nequitia

408 4064 545 4138 omnino
569 4085 637 4134 non
656 4058 814 4163 obiiciat.
866 4061 935 4137 Sed
960 4062 1092 4161 procul
1119 4063 1229 4140 dubio
1252 4061 1474 4150 sufficientes
1491 4063 1662 4163 justeque
1680 4059 1841 4139 Ecclesiae

409 4158 491 4244 risa
508 4155 640 4254 causa,
659 4185 725 4241 cur
742 4159 1008 4254 matrimonium
1025 4161 1119 4244 issud
1138 4165 1363 4267 probaverit.
1414 4171 1593 4251 Ceterum
1610 4189 1690 4244 cum
1710 4161 1841 4241 Diona·

1323 4319 1326 4326 .
1733 4285 1832 4343 rars-
