3954 4802
281 369 284 374 i
394 240 548 394 240¹
922 297 1241 401 -Auuusp76,
1335 290 1341 302 “
1945 207 1956 632 ¹

278 483 282 493 ·
367 441 495 523 seculo
512 461 586 520 non
602 441 710 519 morio
729 435 927 542 Episcopos
951 439 1014 518 sed
1029 443 1136 518 etiam
1147 440 1473 544 Archiepiscopurn
1482 441 1653 538 habuisse,
1673 439 1813 550 acpro-
1885 485 1891 496 ·

358 546 455 624 ‘inde
479 543 541 620 libi
555 543 599 621 ad
616 541 851 642 Episcopatus
868 541 1091 650 ereclionem
1111 545 1475 646 constitutionemque
1509 549 1548 624 in
1573 571 1614 624 re
1642 550 1728 628 ione
1754 549 1814 632 sua

266 726 269 735 ,
367 645 503 739 majora
522 668 595 744 pre
616 643 783 719 Bohemis
801 643 881 738 jura
902 661 1139 743 competere,
1161 643 1416 744 procul-dubio
1433 573 1716 750 hancEpiliopo
1728 651 1812 730 Pra-

366 748 470 846 gensr
489 741 618 820 saslam
637 739 893 837 lubjesiionem
910 743 1004 820 limis
1017 745 1240 843 accipiebant
1255 743 1382 827 nemis.
1453 747 1645 848 Quidquid
1672 752 1813 831 demum

365 846 619 924 controversie
635 839 705 919 suit
723 841 959 933 causaevmt
974 862 1123 934 certum,
1139 846 1340 948 Moraviant
1359 850 1430 927 hoc
1449 853 1813 950 temporeproprimu

366 940 544 1045 occepisse
563 942 800 1046 Episcopum,
816 947 880 1044 qui
900 962 1017 1020 tamen
1036 965 1110 1021 non
1133 946 1369 1024 Laureacenli
1381 942 1401 1036 ,'
1423 945 1481 1022 sed
1500 951 1721 1048 Moguntino
1737 954 1812 1029 Ar-

367 1043 602 1146 chiepiscopo
626 1040 696 1122 fuit
716 1041 966 1144 suffraganeus
981 1046 1111 1135 natus,
1131 1047 1146 1147 (
1168 1049 1225 1124 uti
1243 1041 1414 1149 sequente
1439 1070 1531 1125 anno
1563 1049 1810 1147 ostendemus)

365 1147 497 1250 procul
515 1147 622 1222 dubio
638 1144 813 1242 utcidem
827 1145 948 1244 aliqua
959 1163 1066 1242 ¹parte
1084 1167 1141 1224 tot
1156 1149 1479 1242 terrarumjactura
1488 1147 1690 1244 sarciretur,
1705 1177 1811 1255 quam

367 1268 437 1348 per
457 1247 546 1322 novi
566 1244 914 1345 Archiepiscopatur
934 1245 1251 1346 Magdeburgeulis
1274 1247 1498 1324 ereciionem
1517 1245 1669 1333 fecerat.
1731 1255 1810 1330 Ve-

272 1431 273 1436 Ν
367 1369 448 1424 tum
463 1347 559 1422 hunc
583 1343 836 1444 Episcopatum
853 1345 1026 1420 Moraviae
1051 1347 1255 1423 diutmnum
1273 1349 1366 1426 hauri
1386 1345 1512 1439 soille,
1530 1375 1572 1426 ac
1593 1352 1809 1468 Episcopum

247 1465 248 1474 ¹
367 1447 441 1524 hoc
457 1469 552 1524 auno
576 1445 679 1522 illlric
702 1446 931 1521 constitutum
949 1441 1180 1523 successorem
1199 1448 1337 1527 nullum
1370 1443 1551 1541 habuisse,
1579 1475 1667 1552 qum
1688 1455 1810 1530 Mora-

368 1547 464 1626 viam
484 1546 604 1622 denuo
618 1549 653 1628 S.
678 1545 870 1622 adalberto
887 1542 1071 1651 Episcopo
1088 1547 1420 1650 Progenlisecundo
1437 1545 1540 1630 suilse
1553 1548 1755 1654 subjeilann
1766 1519 1813 1631 acl

368 1669 498 1726 annum
518 1657 592 1747 983
611 1645 830 1732 docebimua
898 1645 908 1667 ‘
1526 1691 1528 1696 ,
1736 1713 1740 1719 .

576 2531 636 2623 sui
657 2556 803 2650 poenas
827 2551 915 2624 erat
945 2532 1030 2626 dira
1052 2535 1186 2628 fames
1216 2563 1274 2639 ex
1296 2535 1549 2631 siccitatibus
1568 2555 1679 2650 orta,
1698 2535 1803 2624 duro
1955 2555 1956 2564 '

366 2388 646 2750 Altera
668 2388 780 2482 inter
808 2385 987 2486 inlliiias'
1005 2335 1161 2514 populo
1184 2391 1374 2486 Bohemo
1393 2397 1447 2486 ab
1466 2392 1583 2486 abitu
1613 2387 1802 2486 Praesulia

576 2681 703 2790 atque
725 2671 830 2768 adeo
847 2673 1098 2764 inexorabili
1118 2675 1257 2788 caelo,
1277 2695 1326 2766 ut
1362 2678 1467 2768 licet
1492 2704 1583 2764 non
1604 2703 1696 2763 raro
1723 2683 1804 2764 hoe

366 2813 412 2905 &
433 2809 642 2927 superiore
664 2837 772 2900 anno
795 2814 992 2926 gravibus
1009 2815 1189 2906 nubibus
1220 2811 1448 2906 obdulium
1471 2815 1561 2934 post
1584 2817 1803 2930 tempesta-

60 2964 66 2972 “
136 2935 439 3098 fgjjssfgs‘jjtes
458 2952 616 3042 imbres
646 2948 899 3067 sponderem
924 2951 1087 3071 semper
1109 2975 1251 3046 tamen
1278 2954 1428 3044 hiantia
1462 2953 1681 3043 honainum
1703 2973 1804 3046 vota

137 3059 298 3170 aaaron(
369 3089 571 3204 eluserit,
603 3107 755 3208 praeter
785 3095 1015 3184 horrendos
1049 3097 1234 3209 mugitus
1272 3091 1543 3212 fulguraque,
1577 3095 1623 3185 lit
1655 3095 1807 3184 crebra

365 3230 539 3323 fulmina
558 3249 811 3347 ceterosque
828 3241 1014 3325 terrores
1033 3262 1149 3352 aquae
1176 3234 1468 3325 nihilomnino
1489 3232 1685 3350 largiens.
1703 3345 1705 3350 Ι
1738 3229 1799 3325 Et

365 3396 600 3494 quanquam
627 3371 739 3460 estas
758 3397 844 3460 non
865 3373 972 3462 adeo
990 3392 1159 3491 ureret,
1192 3371 1333 3494 pallini
1363 3393 1506 3465 tamen
1526 3374 1704 3465 hiatibus
1724 3371 1796 3458 lin-
1847 3417 1873 3442 -·

364 3513 543 3607 debatur
570 3510 1027 3634 terra*„cxarcscebant
1046 3535 1187 3630 prata,
1213 3515 1409 3634 silvaque
1436 3513 1571 3608 macie
1601 3507 1795 3600 contabe-

364 3651 547 3747 scebant.
586 3640 638 3741 (¹¹)
676 3646 739 3741 Ea
767 3653 891 3756 tristis
911 3677 1051 3744 rerum
1068 3653 1199 3765 facies¹
1228 3656 1478 3758 Christianos
1507 3647 1798 3768 Eth'nicosque
1839 3731 1851 3776 ,

365 3817 452 3886 non
476 3793 650 3882 minimo
672 3809 838 3882 terrore
859 3793 1066 3910 perculit,
1088 3796 1255 3888 iliorum
1277 3795 1384 3886 haud
1402 3821 1567 3910 paucos
1595 3790 1799 3905 maiorum

266 3917 283 3942 ⁸
339 3937 577 4050 'poennrum
600 3950 720 4022 metu
738 3931 788 4019 ati
808 3913 1093 4048 ample'cienda
1129 3933 1278 4025 Christi
1306 3931 1415 4025 sacra
1448 3933 1803 4050 divino'quotlam

362 4057 778 4191 nuncupemur,
811 4071 894 4165 illis
935 4071 987 4166 ad
1012 4076 1171 4196 quaevis
1198 4074 1371 4196 pietatis
1394 4102 1544 4197 opera,
1576 4073 1799 4187 deprecata·
1885 4119 1900 4136 κ

1109 4233 1111 4243 ’
1606 4211 1726 4306 dum·
