3914 4822
695 304 939 397 repascat
964 327 1004 386 n·
1056 321 1117 400 25.
1466 283 1576 416 Ι’357

90 540 96 548 ι
150 502 178 540 ,,
206 442 386 530 scenarum
405 443 538 548 Hugo',
567 443 930 529 &DttxPolonorum
952 447 1090 528 Miseco
1102 469 1181 527 cum
1193 446 1357 548 pluribus
1380 447 1488 547 regni
1497 445 1603 528 Prin·

150 605 179 641 „
209 549 346 650 cipibus
358 543 539 634 adsuere,
568 545 710 626 diversa
727 573 875 629 munera
895 551 940 628 ad
958 551 1167 652 obsequium
1180 549 1412 650 Imperatoris
1423 547 1600 646 deferent·

150 705 180 742 „
207 671 287 738 tes,
316 671 338 724 e
358 646 488 750 quibus
508 641 648 724 Misero
667 649 799 750 aliique
817 675 920 753 quarn
939 651 1086 753 plurimi
1104 651 1308 732 honorifice
1330 651 1452 730 donati
1472 650 1511 725 in
1534 673 1598 748 pa-

150 807 178 846 „
208 752 313 828 triam
339 750 546 826 redierunt.
568 804 596 840 „
630 750 687 825 De
714 754 988 852 expugnatione
1023 777 1117 831 vero
1143 751 1244 832 urbis
1274 751 1504 852 brandeburg
1523 749 1598 828 haec
1848 833 1850 838 ,

150 852 312 950 ejusdem
331 849 568 926 &Annalistae
597 847 899 932 Hildcshemenlis
930 855 1046 930 verba
1068 853 1171 936 sunt:
1208 854 1333 930 “Rex
1364 874 1448 930 cunr
1465 871 1597 950 magno
1632 857 1756 940 Anides
1772 861 1837 926 Hrt.

150 1013 179 1050 ,‚
206 952 376 1028 exercitu
391 953 591 1040 Saxonum,
607 975 649 1026 ac
669 946 918 1052 supplemento
937 951 1371 1032 Misaconisllrandeburh
1388 943 1837 1042 obsedit‚&desbea.adaa.

101 1091 104 1100 ·
153 1113 179 1148 „
207 1053 322 1142 vicie,
349 1051 414 1127 illo
442 1071 560 1128 autem
592 1050 824 1150 digrediente
847 1057 941 1134 Saxo
994 1055 1112 1136 uidam
1134 1055 1281 1136 nomine
1300 1054 1394 1138 Kizo
1414 1049 1613 1130 Liuticioa'

152 1215 179 1249 „
207 1177 287 1231 rum
308 1151 446 1230 auxilio
463 1152 615 1228 eandem
638 1153 763 1230 urbem
784 1154 954 1233 audasler
1010 1158 1057 1233 tis
1077 1175 1205 1233 contra
1215 1157 1358 1255 Regem
1378 1154 1599 1243 invalit,at·
1645 1217 1653 1231 ,

153 1314 181 1351 ,,
210 1252 283 1356 qu‘e
305 1251 559 1353 pradislorum
578 1252 767 1330 Slavorum
787 1257 990 1356 pertinacia
1014 1277 1145 1334 contra
1159 1254 1218 1352 jus
1239 1257 1279 1334 da
1295 1251 1348 1338 fas
1367 1253 1496 1334 ditioni
1512 1277 1602 1356 prov

156 1413 183 1450 „
207 1354 297 1452 priae
319 1351 491 1449 litbjecit,
518 1353 553 1431 dt
572 1353 718 1465 crebras
737 1356 1012 1436 latrociniorum
1027 1356 1253 1456 irruptiones
1274 1357 1511 1438 inSaxoniam
1524 1377 1602 1438 rno-

98 1527 104 1540 ,
152 1511 180 1550 ,,
208 1453 292 1532 litus
312 1453 416 1544 est„
467 1456 523 1528 De
541 1454 649 1545 hujus
673 1454 822 1532 Kizonis
841 1457 901 1534 seu
919 1457 1014 1536 Kizae
1034 1459 1185 1536 Saxonis
1204 1459 1249 1537 ad
1276 1458 1401 1542 Slavos
1423 1451 1602 1544 defessio-

155 1581 201 1635 ne
218 1559 296 1633 baec·
311 1571 485 1631 memorat
503 1554 705 1632 Ditmarus:
734 1557 851 1640 “Fuit
867 1559 904 1633 in
928 1560 1048 1640 nostra
1066 1559 1258 1640 vicinitate
1276 1558 1418 1659 quidam
1435 1555 1602 1646 milesia
1615 1551 1799 1622 Demarati.
1817 1563 1841 1628 4

156 1715 183 1751 ,,
211 1658 335 1754 clytus
352 1655 460 1753 Kyzu
477 1654 646 1746 nomine,
672 1659 734 1756 qui
753 1659 1007 1740 eMarchioue
1034 1661 1236 1742 Thiedrico
1264 1661 1393 1750 aliter,
1416 1680 1520 1759 quam
1538 1654 1599 1733 fibi
1612 1649 1726 1724 ΜΩ·

155 1815 183 1852 „
212 1757 393 1858 placeret,
414 1757 555 1832 habitus
575 1755 641 1832 est.
691 1757 754 1835 Ob
765 1760 862 1850 hoc,
891 1759 926 1836 bt
949 1761 1031 1860 quia
1048 1757 1201 1840 facultas
1222 1759 1291 1838 sue
1304 1752 1602 1872 nequaquanim

156 1915 182 1950 ‚,
210 1857 341 1959 pietati
359 1853 596 1956 suppeteret,
617 1857 797 1965 adlhostes
816 1863 987 1960 perrexit
1002 1863 1168 1952 nostros,
1196 1861 1261 1962 qui
1290 1862 1328 1938 in
1349 1861 1512 1936 omnibus
1538 1855 1600 1946 libi

38 2021 40 2025 ,
154 2017 183 2052 ,,
208 1957 314 2035 nimis
333 1953 477 2032 fideletn
500 1955 768 2056 cognoscentes
789 1957 894 2060 supra
912 1956 1141 2040 memoratum
1159 1963 1284 2042 urbem
1306 1965 1319 2056 (
1342 1959 1605 2058 Brandebuth)

154 2118 182 2154 „
210 2059 313 2136 nobis
336 2054 443 2135 satius
463 2057 509 2135 ad
529 2057 755 2151 nocendum,
776 2061 896 2140 eidem
920 2059 1196 2143 commiserunt.
1225 2119 1252 2154 „
1306 2062 1401 2144 Istud
1420 2056 1603 2137 Luitieio'a

154 2187 234 2239 rum
254 2160 416 2250 facinus,
444 2160 541 2259 quod
566 2156 760 2260 presertim
778 2163 910 2241 Kizoni
931 2167 1224 2266 Brandeburgum
1243 2163 1381 2242 vicinas
1410 2183 1459 2238 ue
1481 2159 1605 2258 regina

154 2273 254 2362 nes(
279 2262 317 2338 in
335 2261 469 2362 quibus
494 2260 693 2338 Boleslaum
721 2264 879 2344 nostrum
902 2262 984 2342 suas
1018 2267 1255 2344 hereditarias
1284 2189 1512 2364 pollelstones
1540 2263 1604 2335 ba-

68 2449 71 2454 ,
154 2361 264 2442 builse
282 2364 326 2440 ad
344 2383 476 2440 annum
499 2373 571 2464 989
594 2361 801 2463 innuimus)
822 2365 859 2441 in
880 2368 1144 2466 proprietatem
1164 2365 1401 2455 tradiderint,
1424 2359 1526 2438 scidit
1537 2382 1613 2439 ves.

154 2487 215 2544 rus
232 2464 268 2540 dr
286 2463 402 2542 adhuc
423 2486 517 2540 anno
542 2461 731 2560 superiore
751 2485 970 2544 renovatum
1003 2489 1085 2544 cum
1111 2467 1274 2542 Bolcslao
1303 2461 1450 2551 foedus,
1480 2460 1604 2550 utillo

154 2567 285 2674 procul
306 2563 415 2641 dubio
433 2561 617 2664 usurpatus
640 2564 811 2641 allizone
831 2584 949 2644 tetras
969 2567 1222 2645 vindicaturus
1241 2565 1424 2664 sequente¹
1439 2583 1532 2641 anno
1545 2581 1603 2634 am

156 2695 213 2749 tna
233 2665 328 2745 socia
342 2663 481 2744 Ottoni
495 2665 680 2760 junxerit,
700 2663 906 2766 bellumque
924 2667 1056 2744 Kizoni
1088 2665 1123 2742 &
1150 2667 1319 2758 Luiticiis
1339 2663 1538 2747 indixerit,
1562 2675 1604 2736 ut

156 2774 199 2852 ad
218 2791 346 2846 amrtnn
364 2767 465 2842 istum
485 2763 699 2846 referemus.
762 2772 935 2850 Ceterum
954 2769 1135 2858 Ditmarus
1157 2787 1240 2846 ante
1267 2769 1338 2858 hoc
1359 2761 1604 2857 Luiticiorum

156 2874 290 2951 bellum
310 2885 431 2947 narrat
448 2867 717 2970 Imperatricem
748 2867 1021 2969 Theophaniam
1050 2893 1131 2946 cum
1158 2868 1236 2946 lilio
1252 2867 1397 2946 Ottone
1418 2861 1604 2956 lluedlin·

155 2979 274 3072 burgo
299 2972 521 3068 Niumagum
550 2964 774 3068 mosellam,
805 2971 1031 3080 eandemque
1058 2969 1231 3060 hocloco
1250 2987 1462 3086 praematura
1480 2981 1603 3056 morta

156 3075 201 3154 ad
223 3065 697 3176 xvrr,na1.Juliiobiiffe.

268 3273 314 3352 ΙΙ,
343 3271 441 3348 Anni
461 3269 563 3366 hujus
583 3272 801 3376 principium
818 3272 934 3352 adhuc
952 3277 987 3353 S.
1008 3273 1229 3352 Adalbertus
1252 3273 1369 3351 Rome
1392 3265 1601 3348 lnvltallta

156 3371 331 3482 religiosae
349 3371 540 3472 tyrocinio
559 3377 712 3472 exegit,
734 3378 1030 3478 commendatque
1085 3377 1243 3476 racipue
1271 3374 1492 3474 Biographus
1524 3370 1601 3464 ejus

155 3475 453 3560 obedientiam&
473 3473 711 3550 humilitatem
727 3475 784 3552 his
803 3477 946 3554 verbis:
973 3490 1000 3532 ‘⁶
1009 3401 1088 3576 rpl}
1102 3478 1200 3554 omni
1219 3476 1425 3556 obedientia
1433 3497 1473 3550 ac
1485 3471 1600 3572 bumi7
1638 3496 1836 3592 Apamia,

155 3641 184 3678 „
210 3579 313 3658 litate
333 3576 514 3656 ambulans
533 3572 629 3653 inter
649 3569 783 3652 fratres
805 3595 933 3654 contra
951 3578 1043 3655 bella
1063 3577 1283 3664 tentantium
1299 3573 1666 3675 vitiorumintrefiac.
1678 3594 1712 3656 V.
1731 3587 1833 3660 beced.

155 3738 184 3777 „
212 3679 316 3780 pitius
336 3680 410 3756 tiro
425 3673 653 3775 accingitur,
673 3675 711 3752 in
729 3675 1010 3777 cogitationibus
1037 3677 1106 3756 suis
1137 3681 1182 3756 ad
1208 3679 1380 3756 humilem
1408 3669 1725 3766 conselsroapda'z.

157 3839 186 3880 „
213 3803 295 3857 nem
320 3779 463 3882 semper
486 3772 704 3875 confugiens
736 3771 899 3880 quallurae
925 3780 1058 3856 mentis
1083 3802 1211 3864 arcana
1238 3776 1480 3879 spiritualibus
1508 3773 1599 3866 viris

158 3941 186 3979 „
215 3881 377 3984 pandere
396 3903 469 3956 non
489 3873 651 3958 cessavit.
703 3875 870 3960 Cessante
891 3903 986 3958 vero
1006 3881 1250 3968 tentationum
1269 3879 1408 3968 imbre,
1425 3877 1463 3954 in
1473 3897 1605 3962 novam

159 4041 187 4081 „
214 3978 354 4062 messem
373 3981 554 4060 virtutum
572 3979 764 4073 refloruit,
787 4005 830 4060 ac
858 3980 939 4083 post
965 3979 1158 4068 visleriam
1188 3979 1295 4062 solito
1325 3979 1456 4066 clarior
1475 3977 1606 4066 eluxit.

158 4145 186 4184 „
213 4079 385 4162 Processit
394 4103 487 4182 ergo
508 4099 550 4159 ut
572 4082 639 4162 lux
659 4077 873 4263 splendens,
892 4081 1064 4162 &crevit
1088 4077 1204 4182 nsque
1222 4083 1266 4170 ad
1279 4076 1484 4183 perseslnm
1498 4079 1609 4166 diem·

4 4199 6 4224 ²
91 4273 94 4290 ,
156 4240 187 4288 „
214 4183 459 4278 Obedientia,
477 4207 549 4288 qua
566 4205 651 4266 eurr
692 4185 820 4268 oravit
836 4183 923 4268 suus
940 4185 1064 4267 Abbas
1071 4241 1086 4284 ,
1102 4181 1355 4284 hujuscemodi
1375 4200 1473 4262 erat:
1494 4197 1534 4256 ut
1543 4201 1607 4258 ro·

1402 4329 1452 4378 'aa
1477 4277 1558 4380 q¹¹i⁴
1701 4333 1704 4340 '
1839 4311 1953 4766 j
